
  
  
  
  
  
  
  
 
  
  <record xsi:schemaLocation="http://www.loc.gov/MARC21/slim http://www.loc.gov/standards/marcxml/schema/MARC21slim.xsd">
      <leader>00000pam  2200385 i 4500</leader>
      <controlfield tag="FMT">BK</controlfield>
      <controlfield tag="LDR">00000pam  2200385 i 4500</controlfield>
      <controlfield tag="001">004138758</controlfield>
      <controlfield tag="005">20151001113329.0</controlfield>
      <controlfield tag="008">150227s2015    enkae    b    000 0 eng</controlfield>
      <datafield tag="010" ind1=" " ind2=" ">
         <subfield code="a">2015007683</subfield>
      </datafield>
      <datafield tag="020" ind1=" " ind2=" ">
         <subfield code="a">9781782976790</subfield>
      </datafield>
      <datafield tag="020" ind1=" " ind2=" ">
         <subfield code="a">1782976795</subfield>
      </datafield>
      <datafield tag="035" ind1=" " ind2=" ">
         <subfield code="a">(NhCcYBP)  2015007683</subfield>
      </datafield>
      <datafield tag="035" ind1="7" ind2=" ">
         <subfield code="a">ybp10886832</subfield>
      </datafield>
      <datafield tag="040" ind1=" " ind2=" ">
         <subfield code="a">DLC</subfield>
         <subfield code="b">eng</subfield>
         <subfield code="e">rda</subfield>
         <subfield code="c">DLC</subfield>
         <subfield code="d">OCLCO</subfield>
         <subfield code="d">YDXCP</subfield>
         <subfield code="d">NhCcYBP</subfield>
         <subfield code="d">NNU</subfield>
      </datafield>
      <datafield tag="042" ind1=" " ind2=" ">
         <subfield code="a">pcc</subfield>
      </datafield>
      <datafield tag="043" ind1=" " ind2=" ">
         <subfield code="a">aw-----</subfield>
      </datafield>
      <datafield tag="050" ind1="0" ind2="0">
         <subfield code="a">BL1060</subfield>
         <subfield code="b">.D44 2015</subfield>
      </datafield>
      <datafield tag="082" ind1="0" ind2="0">
         <subfield code="a">200.9394</subfield>
         <subfield code="2">23</subfield>
      </datafield>
      <datafield tag="245" ind1="0" ind2="0">
         <subfield code="a">Defining the sacred :</subfield>
         <subfield code="b">approaches to the archaeology of religion in the Near East /</subfield>
         <subfield code="c">edited by Nicola Laneri.</subfield>
      </datafield>
      <datafield tag="264" ind1=" " ind2="1">
         <subfield code="a">Oxford ;</subfield>
         <subfield code="a">Philadelphia :</subfield>
         <subfield code="b">Oxbow Books,</subfield>
         <subfield code="c">2015.</subfield>
      </datafield>
      <datafield tag="300" ind1=" " ind2=" ">
         <subfield code="a">vi, 186 pages :</subfield>
         <subfield code="b">black-and-white illustrations, black-and-white plans ;</subfield>
         <subfield code="c">28 cm</subfield>
      </datafield>
      <datafield tag="336" ind1=" " ind2=" ">
         <subfield code="a">text</subfield>
         <subfield code="b">txt</subfield>
         <subfield code="2">rdacontent</subfield>
      </datafield>
      <datafield tag="337" ind1=" " ind2=" ">
         <subfield code="a">unmediated</subfield>
         <subfield code="b">n</subfield>
         <subfield code="2">rdamedia</subfield>
      </datafield>
      <datafield tag="338" ind1=" " ind2=" ">
         <subfield code="a">volume</subfield>
         <subfield code="b">nc</subfield>
         <subfield code="2">rdacarrier</subfield>
      </datafield>
      <datafield tag="504" ind1=" " ind2=" ">
         <subfield code="a">Includes bibliographical references.</subfield>
      </datafield>
      <datafield tag="505" ind1="0" ind2="0">
         <subfield code="g">Introduction.</subfield>
         <subfield code="t">Investigating archaeological approaches to the study of religious practices and beliefs /</subfield>
         <subfield code="r">Nicola Laneri.</subfield>
         <subfield code="g">Part I.</subfield>
         <subfield code="t">Sacred nature.</subfield>
         <subfield code="t">Animal burials and their cults in Margiana /</subfield>
         <subfield code="r">Nadezhda Dubova --</subfield>
         <subfield code="t">Identifying sacrifice in Bronze Age Near Eastern iconography /</subfield>
         <subfield code="r">Laerke Recht --</subfield>
         <subfield code="t">Cult and the rise of desert pastoralism : a case study from the Negev /</subfield>
         <subfield code="r">Steve A. Rosen --</subfield>
         <subfield code="t">Thoughts on material expressions of cultic practice : standing stone monuments of early Bronze Age in the southern Levant /</subfield>
         <subfield code="r">Ann Andersson --</subfield>
         <subfield code="t">Late Chalcolithic Mesopotamia : towards a definition of sacred space and its evolution /</subfield>
         <subfield code="r">Pascal Butterlin.</subfield>
         <subfield code="g">Part II.</subfield>
         <subfield code="t">Housing the God.</subfield>
         <subfield code="t">A sanctuary, or so fair a house? In defense of an archaeology of cult at pre-pottery Neolithic Göbekli Tepe /</subfield>
         <subfield code="r">Oliver Dietrich and Jens Notroff --</subfield>
         <subfield code="t">Where to worship? Religion in Iron II Israel and Judah /</subfield>
         <subfield code="r">Beth Alpert Nakhai --</subfield>
         <subfield code="t">Communal places of worship : ritual activities and ritualised ideology during the early Bronze Age Jezirah /</subfield>
         <subfield code="r">Stefano Valentini --</subfield>
         <subfield code="t">Open spaces around the temples and their ritual use : archaeological evidence from the Bronze and Iron Age Levant /</subfield>
         <subfield code="r">Stefania Mazzoni --</subfield>
         <subfield code="t">Ritual circumambulations in the Syro-Mesopotamian cuneiform texts /</subfield>
         <subfield code="r">Amalia Catagnoti --</subfield>
         <subfield code="t">A temple lifecycle : rituals of construction, restoration, and destruction of some ED Mesopotamian and Syrian sacred buildings /</subfield>
         <subfield code="r">Licia Romano.</subfield>
         <subfield code="g">Part III.</subfield>
         <subfield code="t">The materialization of religious beliefs and practices.</subfield>
         <subfield code="t">Religion as practice in Neolithic societies /</subfield>
         <subfield code="r">Trevor Watkins --</subfield>
         <subfield code="t">Casting the sacred : Chalcolithic metallurgy in the southern Levant /</subfield>
         <subfield code="r">Milena Gosic and Isaac Gilead --</subfield>
         <subfield code="t">How better understanding of ritual practices can help the comprehension of religious feelings/</subfield>
         <subfield code="r">Laura Battini /</subfield>
         <subfield code="t">Archaeological correlates of pious societies /</subfield>
         <subfield code="r">Daniel Snell.</subfield>
      </datafield>
      <datafield tag="650" ind1=" " ind2="0">
         <subfield code="a">Middle East</subfield>
         <subfield code="x">Religion.</subfield>
      </datafield>
      <datafield tag="650" ind1=" " ind2="0">
         <subfield code="a">Archaeology and religion</subfield>
         <subfield code="z">Middle East.</subfield>
      </datafield>
      <datafield tag="650" ind1=" " ind2="0">
         <subfield code="a">Excavations (Archaeology)</subfield>
         <subfield code="z">Middle East.</subfield>
      </datafield>
      <datafield tag="651" ind1=" " ind2="0">
         <subfield code="a">Middle East</subfield>
         <subfield code="x">Antiquities</subfield>
      </datafield>
      <datafield tag="700" ind1="1" ind2=" ">
         <subfield code="a">Laneri, Nicola,</subfield>
         <subfield code="e">editor.</subfield>
      </datafield>
      <datafield tag="776" ind1="0" ind2="8">
         <subfield code="i">Online version:</subfield>
         <subfield code="t">Defining the sacred</subfield>
         <subfield code="b">1st [edition].</subfield>
         <subfield code="d">Philadelphia : Oxbow Books, 2015</subfield>
         <subfield code="z">9781782978497</subfield>
         <subfield code="w">(DLC) 2015009796</subfield>
      </datafield>
      <datafield tag="OWN" ind1=" " ind2=" ">
         <subfield code="a">GENERAL</subfield>
      </datafield>
      <datafield tag="AVA" ind1=" " ind2=" ">
         <subfield code="a">NYU50</subfield>
         <subfield code="b">BOBST</subfield>
         <subfield code="c">Main Collection</subfield>
         <subfield code="d">BL1060 .D44 2015</subfield>
         <subfield code="e">unavailable</subfield>
         <subfield code="t">Unavailable</subfield>
         <subfield code="f">1</subfield>
         <subfield code="g">1</subfield>
         <subfield code="h">N</subfield>
         <subfield code="i">0</subfield>
         <subfield code="j">MAIN</subfield>
         <subfield code="k">0</subfield>
      </datafield>
      <datafield tag="AVA" ind1=" " ind2=" ">
         <subfield code="a">NYU50</subfield>
         <subfield code="b">NISAW</subfield>
         <subfield code="c">Large Collection</subfield>
         <subfield code="d">BL1060 .D44 2015</subfield>
         <subfield code="e">available</subfield>
         <subfield code="t">Available</subfield>
         <subfield code="f">1</subfield>
         <subfield code="g">0</subfield>
         <subfield code="h">N</subfield>
         <subfield code="i">0</subfield>
         <subfield code="j">LARGE</subfield>
         <subfield code="k">0</subfield>
      </datafield>
      <marc:datafield tag="852" ind1=" " ind2=" ">
         <marc:subfield code="b">Institute for the Study of the Ancient World, </marc:subfield>
         <marc:subfield code="c">Large Collection</marc:subfield>
         <marc:subfield code="e">15 East 84th St., </marc:subfield>
         <marc:subfield code="e">New York, NY  10028</marc:subfield>
      </marc:datafield>
   </record>