
  
  
  
  
  
 
  
  <record xsi:schemaLocation="http://www.loc.gov/MARC21/slim http://www.loc.gov/standards/marcxml/schema/MARC21slim.xsd">
      <leader>00000nam a22      i 4500</leader>
      <controlfield tag="FMT">BK</controlfield>
      <controlfield tag="LDR">00000nam a22      i 4500</controlfield>
      <controlfield tag="001">004192741</controlfield>
      <controlfield tag="005">20151007124315.0</controlfield>
      <controlfield tag="008">151005s2015    enka     b    000 0 eng d</controlfield>
      <datafield tag="020" ind1=" " ind2=" ">
         <subfield code="a">9780728604025</subfield>
      </datafield>
      <datafield tag="020" ind1=" " ind2=" ">
         <subfield code="a">0728604027</subfield>
      </datafield>
      <datafield tag="040" ind1=" " ind2=" ">
         <subfield code="a">NNU</subfield>
         <subfield code="b">eng</subfield>
         <subfield code="e">rda</subfield>
         <subfield code="c">NNU</subfield>
      </datafield>
      <datafield tag="041" ind1="1" ind2=" ">
         <subfield code="a">eng</subfield>
         <subfield code="a">sog</subfield>
         <subfield code="h">rus</subfield>
         <subfield code="h">sog</subfield>
      </datafield>
      <datafield tag="043" ind1=" " ind2=" ">
         <subfield code="a">ac-----</subfield>
      </datafield>
      <datafield tag="050" ind1=" " ind2="4">
         <subfield code="a">PK6199.9.Z77</subfield>
         <subfield code="b">L58813 2015</subfield>
      </datafield>
      <datafield tag="066" ind1=" " ind2=" ">
         <subfield code="c">(N</subfield>
      </datafield>
      <datafield tag="100" ind1="1" ind2=" ">
         <subfield code="6">880-01</subfield>
         <subfield code="a">Livshit͡s, V. A,</subfield>
         <subfield code="e">author.</subfield>
      </datafield>
      <datafield tag="240" ind1="1" ind2="0">
         <subfield code="6">880-02</subfield>
         <subfield code="a">Sogdiĭskai͡a ėpigrafika Sredneĭ Azii i Semirechʹi͡a.</subfield>
         <subfield code="l">English</subfield>
      </datafield>
      <datafield tag="245" ind1="1" ind2="0">
         <subfield code="a">Sogdian epigraphy of Central Asia and Semirech'e /</subfield>
         <subfield code="c">by V.A. Livshits ; translated from the Russian by Tom Stableford ; edited by Nicholas Sims-Williams.</subfield>
      </datafield>
      <datafield tag="264" ind1=" " ind2="1">
         <subfield code="a">London :</subfield>
         <subfield code="b">published on behalf of Corpus Inscriptionum Iranicarum by School of Oriental and African Studies,</subfield>
         <subfield code="c">[2015]</subfield>
      </datafield>
      <datafield tag="264" ind1=" " ind2="4">
         <subfield code="c">©2015</subfield>
      </datafield>
      <datafield tag="300" ind1=" " ind2=" ">
         <subfield code="a">315 pages :</subfield>
         <subfield code="b">black-and-white illustrations,</subfield>
         <subfield code="c">33 cm.</subfield>
      </datafield>
      <datafield tag="336" ind1=" " ind2=" ">
         <subfield code="a">text</subfield>
         <subfield code="b">txt</subfield>
         <subfield code="2">rdacontent</subfield>
      </datafield>
      <datafield tag="337" ind1=" " ind2=" ">
         <subfield code="a">unmediated</subfield>
         <subfield code="b">n</subfield>
         <subfield code="2">rdamedia</subfield>
      </datafield>
      <datafield tag="338" ind1=" " ind2=" ">
         <subfield code="a">volume</subfield>
         <subfield code="b">nc</subfield>
         <subfield code="2">rdacarrier</subfield>
      </datafield>
      <datafield tag="490" ind1="1" ind2=" ">
         <subfield code="a">Corpus Inscriptionum Iranicarum. Part II, Inscriptions of the Seleucid and Parthian periods of Eastern Iran and Central Asia. Vol. 3, Sogdian ;</subfield>
         <subfield code="v">[portfolio] 4</subfield>
      </datafield>
      <datafield tag="504" ind1=" " ind2=" ">
         <subfield code="a">Includes bibliographical references (pages 297-311).</subfield>
      </datafield>
      <datafield tag="546" ind1=" " ind2=" ">
         <subfield code="a">Translated from Russian; texts in romanized Sogdian with English translation.</subfield>
      </datafield>
      <datafield tag="500" ind1=" " ind2=" ">
         <subfield code="a">"...incorporates substantially revised versions of many of [Livshits'] earlier publications, notably his pioneer edition of Legal Documents and Letters from Mount Mug (SGDM 2, 1962)"--page 7.</subfield>
      </datafield>
      <datafield tag="505" ind1="0" ind2="0">
         <subfield code="t">Documents from Mount Mug : legal documents and letters.</subfield>
         <subfield code="t">Legal documents --</subfield>
         <subfield code="t">Letters --</subfield>
         <subfield code="t">Financial documents --</subfield>
         <subfield code="t">Glossary --</subfield>
         <subfield code="t">List of illustrations.</subfield>
         <subfield code="t">Articles on Sogdian epigraphy.</subfield>
         <subfield code="t">Kesh (Shahrisabz) in Sogdian texts and coin legends --</subfield>
         <subfield code="t">"Created by fire and good thought" in a Sogdian inscription from Penjikent --</subfield>
         <subfield code="t">Sogdian documents from the fortress of Chilkhujra --</subfield>
         <subfield code="t">A Sogdian alphabet from Penjikent --</subfield>
         <subfield code="t">The leader of the people of Chāch in Sogdian inscriptions and coin legends --</subfield>
         <subfield code="t">Sogdian and Bactrian wall inscriptions at the site of Afrasiab --</subfield>
         <subfield code="t">Sānak, a Manichaean Sogdian bishop of the 5th to early 6th century --</subfield>
         <subfield code="t">The Sogdian Buddhist fragments Kr IV/879 no. 4263 from the manuscript collection of the St. Petersburg branch of the Institute of Oriental Studies of the Russian Academy of Sciences --</subfield>
         <subfield code="t">A Sogdian document from old Samarkand --</subfield>
         <subfield code="t">Sogdian epigraphy of Semirech'e.</subfield>
         <subfield code="t">Sogidan inscriptions on ceramic vessels found at archaeological sites in Semirech'e --</subfield>
         <subfield code="t">A Sogdian inscription on the rim of a khum from Ak-Beshim --</subfield>
         <subfield code="t">The Sogdians wish 'Alīmkhān 'Abbās 160 happy years.</subfield>
         <subfield code="t">Sogdian rock inscriptions in teh Kulan-sai and Terek-sai gorges.</subfield>
      </datafield>
      <datafield tag="650" ind1=" " ind2="0">
         <subfield code="a">Sogdian language</subfield>
         <subfield code="v">Texts.</subfield>
      </datafield>
      <datafield tag="650" ind1=" " ind2="0">
         <subfield code="a">Manuscripts, Sogdian</subfield>
         <subfield code="z">Asia, Central.</subfield>
      </datafield>
      <datafield tag="650" ind1=" " ind2="0">
         <subfield code="a">Manuscripts, Sogdian</subfield>
         <subfield code="z">Kazakhstan</subfield>
         <subfield code="z">Semirechʹe.</subfield>
      </datafield>
      <datafield tag="650" ind1=" " ind2="0">
         <subfield code="a">Manuscripts, Sogdian</subfield>
         <subfield code="z">Tajikistan</subfield>
         <subfield code="z">Mugh, Mount.</subfield>
      </datafield>
      <datafield tag="651" ind1=" " ind2="0">
         <subfield code="a">Asia, Central</subfield>
         <subfield code="x">Antiquities</subfield>
      </datafield>
      <datafield tag="651" ind1=" " ind2="0">
         <subfield code="a">Semirechʹe (Kazakhstan)</subfield>
         <subfield code="x">Antiquities.</subfield>
      </datafield>
      <datafield tag="651" ind1=" " ind2="0">
         <subfield code="a">Mugh, Mount (Tajikistan)</subfield>
         <subfield code="x">Antiquities.</subfield>
      </datafield>
      <datafield tag="650" ind1=" " ind2="0">
         <subfield code="a">Inscriptions</subfield>
         <subfield code="z">Asia, Central.</subfield>
      </datafield>
      <datafield tag="650" ind1=" " ind2="0">
         <subfield code="a">Inscriptions</subfield>
         <subfield code="z">Kazakhstan</subfield>
         <subfield code="z">Semirechʹe.</subfield>
      </datafield>
      <datafield tag="650" ind1=" " ind2="0">
         <subfield code="a">Inscriptions</subfield>
         <subfield code="z">Tajikistan</subfield>
         <subfield code="z">Mugh, Mount.</subfield>
      </datafield>
      <datafield tag="740" ind1="0" ind2="2">
         <subfield code="6">880-03</subfield>
         <subfield code="a">I͡Uridicheskie dokumenty i pisʹma</subfield>
      </datafield>
      <datafield tag="740" ind1="0" ind2="2">
         <subfield code="6">880-04</subfield>
         <subfield code="a">Sogdiĭskie dokumenty s gory Mug</subfield>
      </datafield>
      <datafield tag="880" ind1="1" ind2=" ">
         <subfield code="6">100-01/</subfield>
         <subfield code="a">Лившиц, В. А.,</subfield>
         <subfield code="e">author.</subfield>
      </datafield>
      <datafield tag="880" ind1="1" ind2="0">
         <subfield code="6">240-02/</subfield>
         <subfield code="a">Согдийская эпиграфика Средней Азии и Семиречья.</subfield>
         <subfield code="l">English</subfield>
      </datafield>
      <datafield tag="880" ind1="0" ind2="2">
         <subfield code="6">740-03/</subfield>
         <subfield code="a">Юридические документы и письма</subfield>
      </datafield>
      <datafield tag="880" ind1="0" ind2="2">
         <subfield code="6">740-04/</subfield>
         <subfield code="a">Согдийские документы с горы Муг</subfield>
      </datafield>
      <datafield tag="830" ind1=" " ind2="0">
         <subfield code="a">Corpus inscriptionum Iranicarum ;</subfield>
         <subfield code="v">pt. 2, v. 3, port. 4.</subfield>
      </datafield>
      <datafield tag="OWN" ind1=" " ind2=" ">
         <subfield code="a">GENERAL</subfield>
      </datafield>
      <datafield tag="AVA" ind1=" " ind2=" ">
         <subfield code="a">NYU50</subfield>
         <subfield code="b">NISAW</subfield>
         <subfield code="c">Oversize Collection</subfield>
         <subfield code="d">PK6199.9.Z77 L58813 2015</subfield>
         <subfield code="e">available</subfield>
         <subfield code="t">Available</subfield>
         <subfield code="f">1</subfield>
         <subfield code="g">0</subfield>
         <subfield code="h">N</subfield>
         <subfield code="i">0</subfield>
         <subfield code="j">OVERZ</subfield>
         <subfield code="k">0</subfield>
      </datafield>
      <marc:datafield tag="852" ind1=" " ind2=" ">
         <marc:subfield code="b">Institute for the Study of the Ancient World, </marc:subfield>
         <marc:subfield code="c">Oversize Collection</marc:subfield>
         <marc:subfield code="e">15 East 84th St., </marc:subfield>
         <marc:subfield code="e">New York, NY  10028</marc:subfield>
      </marc:datafield>
   </record>