
  
  
  
  
  
 
  
  <record xsi:schemaLocation="http://www.loc.gov/MARC21/slim http://www.loc.gov/standards/marcxml/schema/MARC21slim.xsd">
      <leader>00000cam  2200445 a 4500</leader>
      <controlfield tag="FMT">BK</controlfield>
      <controlfield tag="LDR">00000cam  2200445 a 4500</controlfield>
      <controlfield tag="001">004192830</controlfield>
      <controlfield tag="003">OCoLC</controlfield>
      <controlfield tag="005">20151006103059.0</controlfield>
      <controlfield tag="008">151005s2014    rm       b    001 0 eng d</controlfield>
      <datafield tag="016" ind1="7" ind2=" ">
         <subfield code="a">003807618</subfield>
         <subfield code="2">IsJJNL</subfield>
      </datafield>
      <datafield tag="020" ind1=" " ind2=" ">
         <subfield code="a">9786065435261</subfield>
      </datafield>
      <datafield tag="020" ind1=" " ind2=" ">
         <subfield code="a">6065435260</subfield>
      </datafield>
      <datafield tag="035" ind1=" " ind2=" ">
         <subfield code="a">(OCoLC)907826240</subfield>
      </datafield>
      <datafield tag="040" ind1=" " ind2=" ">
         <subfield code="a">J9U</subfield>
         <subfield code="b">eng</subfield>
         <subfield code="c">J9U</subfield>
         <subfield code="d">OCLCO</subfield>
         <subfield code="d">HCH</subfield>
         <subfield code="d">ZCU</subfield>
         <subfield code="d">OCLCF</subfield>
         <subfield code="d">NNU</subfield>
      </datafield>
      <datafield tag="041" ind1="0" ind2=" ">
         <subfield code="a">eng</subfield>
         <subfield code="a">fre</subfield>
         <subfield code="a">ger</subfield>
      </datafield>
      <datafield tag="043" ind1=" " ind2=" ">
         <subfield code="a">mm-----</subfield>
         <subfield code="a">mb-----</subfield>
         <subfield code="a">e------</subfield>
         <subfield code="a">ff-----</subfield>
         <subfield code="a">aw-----</subfield>
         <subfield code="a">e-gr---</subfield>
         <subfield code="a">a-tu---</subfield>
      </datafield>
      <datafield tag="050" ind1=" " ind2="4">
         <subfield code="a">DR741.B7</subfield>
         <subfield code="b">I584 2013</subfield>
      </datafield>
      <datafield tag="090" ind1=" " ind2=" ">
         <subfield code="a">DE2.5</subfield>
         <subfield code="b">.I58 2013</subfield>
      </datafield>
      <datafield tag="245" ind1="0" ind2="0">
         <subfield code="a">Interconnectivity in the Mediterranean and Pontic world during the Hellenistic and Roman periods /</subfield>
         <subfield code="c">editors, Victor Cojocaru, Altay Coşkun, Mădălina Dana.</subfield>
      </datafield>
      <datafield tag="264" ind1=" " ind2="1">
         <subfield code="a">Cluj-Napoca :</subfield>
         <subfield code="b">Mega Publishing House,</subfield>
         <subfield code="c">2014.</subfield>
      </datafield>
      <datafield tag="300" ind1=" " ind2=" ">
         <subfield code="a">708 pages :</subfield>
         <subfield code="b">illustrations (some color) ;</subfield>
         <subfield code="c">25 cm.</subfield>
      </datafield>
      <datafield tag="336" ind1=" " ind2=" ">
         <subfield code="a">text</subfield>
         <subfield code="b">txt</subfield>
         <subfield code="2">rdacontent</subfield>
      </datafield>
      <datafield tag="337" ind1=" " ind2=" ">
         <subfield code="a">unmediated</subfield>
         <subfield code="b">n</subfield>
         <subfield code="2">rdamedia</subfield>
      </datafield>
      <datafield tag="338" ind1=" " ind2=" ">
         <subfield code="a">volume</subfield>
         <subfield code="b">nc</subfield>
         <subfield code="2">rdacarrier</subfield>
      </datafield>
      <datafield tag="490" ind1="1" ind2=" ">
         <subfield code="a">Pontica et Mediterranea ;</subfield>
         <subfield code="v">3</subfield>
      </datafield>
      <datafield tag="500" ind1=" " ind2=" ">
         <subfield code="a">"The proceedings of the International Symposium organized by the Iasi Branch of the Romanian Academy, the Museum of National History and Archaeology Constanta, the Research Project 'Amici Populi Romani' (Trier - Waterloo ON), and the Cultural Complex 'Callatis' Mangalia (Constanta, July 8-12, 2013"--Title page.</subfield>
      </datafield>
      <datafield tag="504" ind1=" " ind2=" ">
         <subfield code="a">Includes bibliographical references and index.</subfield>
      </datafield>
      <datafield tag="505" ind1="0" ind2="0">
         <subfield code="t">Interconnectivity – In honorem &amp; in memoriam Heinz Heinen (1941–2013) With a Complete Bibliography of His Scholarly Publications /</subfield>
         <subfield code="r">Altay Coşkun --</subfield>
         <subfield code="t">Die Beziehungen der nordpontischen Griechen zu den außerpontischen Regionen und Dynastien, einschließlich der römischen Hegemonialmacht: Historiographische Übersicht /</subfield>
         <subfield code="r">Victor Cojocaru.</subfield>
         <subfield code="g">[Part 1.]</subfield>
         <subfield code="t">PONTICA &amp; MICRO-ASIATICA.</subfield>
         <subfield code="t">La mer Noire et la Méditerranée: quelques aspects concernant la mobilité des personnes /</subfield>
         <subfield code="r">Alexandru Avram --</subfield>
         <subfield code="t">D’Héraclée à Trapézonte: cités pontiques ou micrasiatiques? /</subfield>
         <subfield code="r">Mădălina Dana --</subfield>
         <subfield code="t">Some Observations on Tianoi Abroad and the External Relations of Tieion/Tios (Eastern Bithynia) /</subfield>
         <subfield code="r">Bülent Öztürk --</subfield>
         <subfield code="t">Byzance et Chalcédoine à l’époque hellénistique: entre alliances et rivalités /</subfield>
         <subfield code="r">Adrian Robu --</subfield>
         <subfield code="t">L’interconnexion des réseaux économiques: les échanges entre le nordouest du Pont-Euxin et Rhodes à l’époque hellénistique /</subfield>
         <subfield code="r">Thibaut Castelli --</subfield>
         <subfield code="t">Chersonesos Taurike und die Ägäis im 5.–3. Jahrhundert v. Chr.: Neue archäologische Fundkomplexe /</subfield>
         <subfield code="r">Sergej Ušakov, Sergej Bočarov --</subfield>
         <subfield code="t">Wandering Cult Images between the Aegean and the Black Sea Cities in Hellenistic and Roman Times: from Dionysos Kathegemon to Dionysos Karpophoros /</subfield>
         <subfield code="r">Florina Panait Bîrzescu --</subfield>
         <subfield code="t">Some Remarks on Hellenistic Terracotta Offerings in the Western Pontic Sanctuaries /</subfield>
         <subfield code="r">Iulian Bîrzescu --</subfield>
         <subfield code="t">Appearance and Non-Appearance of Indigenous Cultural Elements on the Coins of Asia Minor and Thrace /</subfield>
         <subfield code="r">Johannes Nollé --</subfield>
         <subfield code="t">Trade Connections between Asia Minor and the Western Pontic Area in the 4th Century CE. Some Sphragistic Considerations /</subfield>
         <subfield code="r">Costel Chiriac, Lucian Munteanu.</subfield>
      </datafield>
      <datafield tag="505" ind1="8" ind2="0">
         <subfield code="g">[Part 2.]</subfield>
         <subfield code="t">SELEUCIDICA &amp; MITHRIDATICA.</subfield>
         <subfield code="t">"Je veux être calife à la place du calife?" Überlegungen zur Funktion der Titel "Grosskönig" und "König der Könige" vom 3. zum 1. Jh. v. Chr. /</subfield>
         <subfield code="r">David Engels --</subfield>
         <subfield code="t">Lysimacheia. Eine hellenistische Hauptstadt zwischen zwei Kontinenten und zwei Meeren: Ein Ort der Interkonnektivität /</subfield>
         <subfield code="r">Mustafa H. Sayar --</subfield>
         <subfield code="t">Mithridates the Great and the Freedom of the Greeks /</subfield>
         <subfield code="r">Glenn R. Bugh --</subfield>
         <subfield code="t">A Matter of Names: King Mithridates VI and the Oracle of Hystaspes /</subfield>
         <subfield code="r">Marie-Astrid Buelens.</subfield>
         <subfield code="g">[Part 3.]</subfield>
         <subfield code="t">PONTICA ROMANA.</subfield>
         <subfield code="t">L’espace ouest-pontique sous l’empereur Tibère à la lumière d’un décret inédit découvert en Dobroudja /</subfield>
         <subfield code="r">Maria Bărbulescu, Livia Buzoianu --</subfield>
         <subfield code="t">Nero’s Amber-Expedition in Context: Connectivity between the Baltic, Black Sea, Adriatic and India from Herodotus to the Roman Empire /</subfield>
         <subfield code="r">David Braund --</subfield>
         <subfield code="t">The Horothesia of Dionysopolis and the Integration of the Western Pontic Greek Cities in the Roman Empire /</subfield>
         <subfield code="r">Florian Matei-Popescu --</subfield>
         <subfield code="t">Becoming Roman? Shifting Identities in the Western Pontic Greek Cities /</subfield>
         <subfield code="r">Ligia Ruscu --</subfield>
         <subfield code="t">Le siège du gouverneur de Mésie inférieure /</subfield>
         <subfield code="r">Ioan Piso --</subfield>
         <subfield code="t">Recherches sur la prosopographie des magistrats d’Olbia du Pont d’après les inscriptions pour Achille Pontarchès /</subfield>
         <subfield code="r">Marta Oller Guzmán --</subfield>
         <subfield code="t">Roman Glass Vessels in the Western Pontic Area (1st–3rd Centuries CE): General Remarks /</subfield>
         <subfield code="r">Costel Chiriac, Sever-Petru Boțan --</subfield>
         <subfield code="t">Pontus and Rome: Trade in the Imperial Period /</subfield>
         <subfield code="r">Giorgio Rizzo.</subfield>
      </datafield>
      <datafield tag="505" ind1="8" ind2="0">
         <subfield code="g">[Part 4.]</subfield>
         <subfield code="t">MICRO-ASIATICA ROMANA.</subfield>
         <subfield code="t">The Function of the Trojan Myth in Early Roman Expansionism in Greece and Asia Minor /</subfield>
         <subfield code="r">Federico Russo.</subfield>
         <subfield code="t">The Economic Activities of Roman Nicomedia and Connectivity between the Propontic and the Pontic World /</subfield>
         <subfield code="r">Hale Güney --</subfield>
         <subfield code="t">Connecting Cappadocia : The Contribution of the Roman Imperial Army /</subfield>
         <subfield code="r">Michael A. Speidel --</subfield>
         <subfield code="t">Erste Ergebnisse epigraphischer Feldforschungen in Bithynien (Göynük und Mudurnu) /</subfield>
         <subfield code="r">Filiz Dönmez-Öztürk.</subfield>
      </datafield>
      <datafield tag="546" ind1=" " ind2=" ">
         <subfield code="a">Contributions in English, French and German.</subfield>
      </datafield>
      <datafield tag="651" ind1=" " ind2="0">
         <subfield code="a">Greece</subfield>
         <subfield code="x">Civilization</subfield>
         <subfield code="v">Congresses.</subfield>
      </datafield>
      <datafield tag="651" ind1=" " ind2="0">
         <subfield code="a">Rome</subfield>
         <subfield code="x">Civilization</subfield>
         <subfield code="v">Congresses.</subfield>
      </datafield>
      <datafield tag="651" ind1=" " ind2="0">
         <subfield code="a">Pontus</subfield>
         <subfield code="x">Civilization</subfield>
         <subfield code="v">Congresses.</subfield>
      </datafield>
      <datafield tag="651" ind1=" " ind2="0">
         <subfield code="a">Greece</subfield>
         <subfield code="x">Foreign relations</subfield>
         <subfield code="y">To 146 B.C.</subfield>
         <subfield code="v">Congresses.</subfield>
      </datafield>
      <datafield tag="651" ind1=" " ind2="0">
         <subfield code="a">Rome</subfield>
         <subfield code="x">Foreign relations</subfield>
         <subfield code="v">Congresses.</subfield>
      </datafield>
      <datafield tag="651" ind1=" " ind2="0">
         <subfield code="a">Pontus</subfield>
         <subfield code="x">Foreign relations</subfield>
         <subfield code="v">Congresses.</subfield>
      </datafield>
      <datafield tag="650" ind1=" " ind2="7">
         <subfield code="a">Civilization.</subfield>
         <subfield code="2">fast</subfield>
         <subfield code="0">(OCoLC)fst00862898</subfield>
      </datafield>
      <datafield tag="651" ind1=" " ind2="7">
         <subfield code="a">Greece.</subfield>
         <subfield code="2">fast</subfield>
         <subfield code="0">(OCoLC)fst01208380</subfield>
      </datafield>
      <datafield tag="651" ind1=" " ind2="7">
         <subfield code="a">Rome (Empire)</subfield>
         <subfield code="2">fast</subfield>
         <subfield code="0">(OCoLC)fst01204885</subfield>
      </datafield>
      <datafield tag="700" ind1="1" ind2=" ">
         <subfield code="a">Cojocaru, Victor,</subfield>
         <subfield code="e">editor.</subfield>
      </datafield>
      <datafield tag="700" ind1="1" ind2=" ">
         <subfield code="a">Coşkun, Altay,</subfield>
         <subfield code="e">editor.</subfield>
      </datafield>
      <datafield tag="700" ind1="1" ind2=" ">
         <subfield code="a">Dana, Madalina</subfield>
         <subfield code="e">editor.</subfield>
      </datafield>
      <datafield tag="830" ind1=" " ind2="0">
         <subfield code="a">Pontica et mediterranea ;</subfield>
         <subfield code="v">3.</subfield>
      </datafield>
      <datafield tag="994" ind1=" " ind2=" ">
         <subfield code="a">Z0</subfield>
         <subfield code="b">ZYU</subfield>
      </datafield>
      <datafield tag="OWN" ind1=" " ind2=" ">
         <subfield code="a">GENERAL</subfield>
      </datafield>
      <datafield tag="AVA" ind1=" " ind2=" ">
         <subfield code="a">NYU50</subfield>
         <subfield code="b">NISAW</subfield>
         <subfield code="c">Small Collection</subfield>
         <subfield code="d">DE2.5 .I58 2013</subfield>
         <subfield code="e">available</subfield>
         <subfield code="t">Available</subfield>
         <subfield code="f">1</subfield>
         <subfield code="g">0</subfield>
         <subfield code="h">N</subfield>
         <subfield code="i">0</subfield>
         <subfield code="j">SMALL</subfield>
         <subfield code="k">0</subfield>
      </datafield>
      <marc:datafield tag="852" ind1=" " ind2=" ">
         <marc:subfield code="b">Institute for the Study of the Ancient World, </marc:subfield>
         <marc:subfield code="c">Small Collection</marc:subfield>
         <marc:subfield code="e">15 East 84th St., </marc:subfield>
         <marc:subfield code="e">New York, NY  10028</marc:subfield>
      </marc:datafield>
   </record>