
  
  
  
  
  
 
  
  <record xsi:schemaLocation="http://www.loc.gov/MARC21/slim http://www.loc.gov/standards/marcxml/schema/MARC21slim.xsd">
      <leader>00000cam  2200517 i 4500</leader>
      <controlfield tag="FMT">BK</controlfield>
      <controlfield tag="LDR">00000cam  2200517 i 4500</controlfield>
      <controlfield tag="001">004193059</controlfield>
      <controlfield tag="003">OCoLC</controlfield>
      <controlfield tag="005">20151006105421.0</controlfield>
      <controlfield tag="008">151006s2012    xn a          000 0 eng d</controlfield>
      <datafield tag="020" ind1=" " ind2=" ">
         <subfield code="a">9786084688020 (hd. bd.)</subfield>
      </datafield>
      <datafield tag="020" ind1=" " ind2=" ">
         <subfield code="a">6084688020 (hd. bd.)</subfield>
      </datafield>
      <datafield tag="035" ind1=" " ind2=" ">
         <subfield code="a">(OCoLC)881611747</subfield>
      </datafield>
      <datafield tag="040" ind1=" " ind2=" ">
         <subfield code="a">OHX</subfield>
         <subfield code="b">eng</subfield>
         <subfield code="e">rda</subfield>
         <subfield code="c">OHX</subfield>
         <subfield code="d">OCLCQ</subfield>
         <subfield code="d">LTSCA</subfield>
         <subfield code="d">OCLCF</subfield>
         <subfield code="d">NNU</subfield>
      </datafield>
      <datafield tag="041" ind1="1" ind2=" ">
         <subfield code="a">eng</subfield>
         <subfield code="a">mac</subfield>
         <subfield code="a">grc</subfield>
         <subfield code="a">lat</subfield>
         <subfield code="h">mac</subfield>
         <subfield code="h">grc</subfield>
         <subfield code="h">lat</subfield>
      </datafield>
      <datafield tag="043" ind1=" " ind2=" ">
         <subfield code="a">e-xn---</subfield>
      </datafield>
      <datafield tag="050" ind1=" " ind2="4">
         <subfield code="a">CN398.M275</subfield>
         <subfield code="b">B34 2012</subfield>
      </datafield>
      <datafield tag="066" ind1=" " ind2=" ">
         <subfield code="c">(N</subfield>
         <subfield code="c">(Q</subfield>
      </datafield>
      <datafield tag="072" ind1=" " ind2="7">
         <subfield code="a">DR</subfield>
         <subfield code="2">lcco</subfield>
      </datafield>
      <datafield tag="100" ind1="1" ind2=" ">
         <subfield code="6">880-01</subfield>
         <subfield code="a">Babamova, Slavica,</subfield>
         <subfield code="e">author.</subfield>
      </datafield>
      <datafield tag="245" ind1="1" ind2="0">
         <subfield code="6">880-02</subfield>
         <subfield code="a">Inscriptiones Stoborum /</subfield>
         <subfield code="c">Slavica Babamova ; photographs Miško Tutkovski, Vlado Kiprijanovski.</subfield>
      </datafield>
      <datafield tag="264" ind1=" " ind2="1">
         <subfield code="6">880-03</subfield>
         <subfield code="a">Stobi :</subfield>
         <subfield code="b">National Institution for Management of the archaeological site of Stobi,</subfield>
         <subfield code="c">2012</subfield>
      </datafield>
      <datafield tag="300" ind1=" " ind2=" ">
         <subfield code="a">168 pages :</subfield>
         <subfield code="b">illustrations ;</subfield>
         <subfield code="c">31 cm.</subfield>
      </datafield>
      <datafield tag="336" ind1=" " ind2=" ">
         <subfield code="a">text</subfield>
         <subfield code="b">txt</subfield>
         <subfield code="2">rdacontent</subfield>
      </datafield>
      <datafield tag="336" ind1=" " ind2=" ">
         <subfield code="a">still image</subfield>
         <subfield code="b">sti</subfield>
         <subfield code="2">rdacontent</subfield>
      </datafield>
      <datafield tag="337" ind1=" " ind2=" ">
         <subfield code="a">unmediated</subfield>
         <subfield code="b">n</subfield>
         <subfield code="2">rdamedia</subfield>
      </datafield>
      <datafield tag="338" ind1=" " ind2=" ">
         <subfield code="a">volume</subfield>
         <subfield code="b">nc</subfield>
         <subfield code="2">rdacarrier</subfield>
      </datafield>
      <datafield tag="490" ind1="1" ind2=" ">
         <subfield code="6">880-04</subfield>
         <subfield code="a">Studies in the antiquities of Stobi. Monograph series ;</subfield>
         <subfield code="v">book 1 =</subfield>
         <subfield code="a">Studii za starinite na Stobi. Serija monografii ;</subfield>
         <subfield code="v">kniga 1</subfield>
      </datafield>
      <datafield tag="504" ind1=" " ind2=" ">
         <subfield code="a">Includes bibliographical references and index.</subfield>
      </datafield>
      <datafield tag="546" ind1=" " ind2=" ">
         <subfield code="a">English, preface and title page in English and Macedonian; texts in Greek or Latin with English translations.</subfield>
      </datafield>
      <datafield tag="500" ind1=" " ind2=" ">
         <subfield code="a">ISAW copy has enclosed brochure entitled "Archaeological site Stobi."</subfield>
         <subfield code="5">NNU</subfield>
      </datafield>
      <datafield tag="650" ind1=" " ind2="0">
         <subfield code="a">Inscriptions, Greek</subfield>
         <subfield code="z">Macedonia (Republic)</subfield>
         <subfield code="z">Stobi (Extinct city)</subfield>
      </datafield>
      <datafield tag="650" ind1=" " ind2="0">
         <subfield code="a">Inscriptions, Latin</subfield>
         <subfield code="z">Macedonia (Republic)</subfield>
         <subfield code="z">Stobi (Extinct city)</subfield>
      </datafield>
      <datafield tag="650" ind1=" " ind2="0">
         <subfield code="a">Inscriptions, Ancient</subfield>
         <subfield code="z">Macedonia (Republic)</subfield>
         <subfield code="z">Stobi (Extinct city)</subfield>
      </datafield>
      <datafield tag="651" ind1=" " ind2="0">
         <subfield code="6">880-05</subfield>
         <subfield code="a">Stobi (Extinct city)</subfield>
         <subfield code="x">Antiquities.</subfield>
      </datafield>
      <datafield tag="650" ind1=" " ind2="7">
         <subfield code="a">Antiquities.</subfield>
         <subfield code="2">fast</subfield>
         <subfield code="0">(OCoLC)fst00810745</subfield>
      </datafield>
      <datafield tag="650" ind1=" " ind2="7">
         <subfield code="a">Inscriptions, Ancient.</subfield>
         <subfield code="2">fast</subfield>
         <subfield code="0">(OCoLC)fst00973846</subfield>
      </datafield>
      <datafield tag="650" ind1=" " ind2="7">
         <subfield code="a">Inscriptions, Greek.</subfield>
         <subfield code="2">fast</subfield>
         <subfield code="0">(OCoLC)fst00973878</subfield>
      </datafield>
      <datafield tag="650" ind1=" " ind2="7">
         <subfield code="a">Inscriptions, Latin.</subfield>
         <subfield code="2">fast</subfield>
         <subfield code="0">(OCoLC)fst00973901</subfield>
      </datafield>
      <datafield tag="651" ind1=" " ind2="7">
         <subfield code="a">Macedonia (Republic)</subfield>
         <subfield code="z">Stobi (Extinct city)</subfield>
         <subfield code="2">fast</subfield>
         <subfield code="0">(OCoLC)fst01897032</subfield>
      </datafield>
      <datafield tag="740" ind1="0" ind2="2">
         <subfield code="a">Archaeological site Stobi.</subfield>
      </datafield>
      <datafield tag="880" ind1="1" ind2=" ">
         <subfield code="6">100-01/</subfield>
         <subfield code="a">Бабамова, Славица,</subfield>
         <subfield code="e">author.</subfield>
      </datafield>
      <datafield tag="880" ind1="1" ind2="0">
         <subfield code="6">245-02/</subfield>
         <subfield code="a">Inscriptiones Stoborum /</subfield>
         <subfield code="c">Славица Бабамова ; photographs Мишко Тутковски, Владо Киприjановски.</subfield>
      </datafield>
      <datafield tag="880" ind1=" " ind2="1">
         <subfield code="6">264-03/</subfield>
         <subfield code="a">Стоби :</subfield>
         <subfield code="b">National Institution for Management of the archaeological site of Stobi,</subfield>
         <subfield code="c">2012</subfield>
      </datafield>
      <datafield tag="880" ind1="1" ind2=" ">
         <subfield code="6">490-04/</subfield>
         <subfield code="a">Studies in the antiquities of Stobi. Monograph series ;</subfield>
         <subfield code="v">book 1 =</subfield>
         <subfield code="a">Студии за старините на Стоби. Сериjа монографии ;</subfield>
         <subfield code="v">книга 1</subfield>
      </datafield>
      <datafield tag="880" ind1=" " ind2="0">
         <subfield code="6">651-05/</subfield>
         <subfield code="a">Стоби (Extinct city)</subfield>
         <subfield code="x">Atiquities.</subfield>
      </datafield>
      <datafield tag="830" ind1=" " ind2="0">
         <subfield code="a">Studies in the antiquities of Stobi monograph series ;</subfield>
         <subfield code="v">book 1.</subfield>
      </datafield>
      <datafield tag="994" ind1=" " ind2=" ">
         <subfield code="a">Z0</subfield>
         <subfield code="b">ZYU</subfield>
      </datafield>
      <datafield tag="OWN" ind1=" " ind2=" ">
         <subfield code="a">GENERAL</subfield>
      </datafield>
      <datafield tag="AVA" ind1=" " ind2=" ">
         <subfield code="a">NYU50</subfield>
         <subfield code="b">NISAW</subfield>
         <subfield code="c">Large Collection</subfield>
         <subfield code="d">CN398.M275 B34 2012</subfield>
         <subfield code="e">available</subfield>
         <subfield code="t">Available</subfield>
         <subfield code="f">1</subfield>
         <subfield code="g">0</subfield>
         <subfield code="h">N</subfield>
         <subfield code="i">0</subfield>
         <subfield code="j">LARGE</subfield>
         <subfield code="k">0</subfield>
      </datafield>
      <marc:datafield tag="852" ind1=" " ind2=" ">
         <marc:subfield code="b">Institute for the Study of the Ancient World, </marc:subfield>
         <marc:subfield code="c">Large Collection</marc:subfield>
         <marc:subfield code="e">15 East 84th St., </marc:subfield>
         <marc:subfield code="e">New York, NY  10028</marc:subfield>
      </marc:datafield>
   </record>