
  
  
  
  
  
  
  
 
  
  <record xsi:schemaLocation="http://www.loc.gov/MARC21/slim http://www.loc.gov/standards/marcxml/schema/MARC21slim.xsd">
      <leader>00000nam a22      i 4500</leader>
      <controlfield tag="FMT">BK</controlfield>
      <controlfield tag="LDR">00000nam a22      i 4500</controlfield>
      <controlfield tag="001">004193178</controlfield>
      <controlfield tag="005">20151007115452.0</controlfield>
      <controlfield tag="008">151006s2003    gr ab    b    000 0 eng d</controlfield>
      <datafield tag="020" ind1=" " ind2=" ">
         <subfield code="a">9608260310</subfield>
      </datafield>
      <datafield tag="040" ind1=" " ind2=" ">
         <subfield code="a">NNU</subfield>
         <subfield code="b">eng</subfield>
         <subfield code="e">rda</subfield>
         <subfield code="c">NNU</subfield>
      </datafield>
      <datafield tag="050" ind1=" " ind2="4">
         <subfield code="a">T16</subfield>
         <subfield code="b">.E98 2003</subfield>
      </datafield>
      <datafield tag="245" ind1="0" ind2="0">
         <subfield code="a">Extraordinary machines and structures in antiquity /</subfield>
         <subfield code="c">S.A. Paipetis, editor.</subfield>
      </datafield>
      <datafield tag="264" ind1=" " ind2="1">
         <subfield code="a">Patras :</subfield>
         <subfield code="b">Peri Technon,</subfield>
         <subfield code="c">2003.</subfield>
      </datafield>
      <datafield tag="300" ind1=" " ind2=" ">
         <subfield code="a">270 pages :</subfield>
         <subfield code="b">illustrations (some colored), maps ;</subfield>
         <subfield code="c">29 cm</subfield>
      </datafield>
      <datafield tag="336" ind1=" " ind2=" ">
         <subfield code="a">text</subfield>
         <subfield code="b">txt</subfield>
         <subfield code="2">rdacontent</subfield>
      </datafield>
      <datafield tag="337" ind1=" " ind2=" ">
         <subfield code="a">unmediated</subfield>
         <subfield code="b">n</subfield>
         <subfield code="2">rdamedia</subfield>
      </datafield>
      <datafield tag="338" ind1=" " ind2=" ">
         <subfield code="a">volume</subfield>
         <subfield code="b">nc</subfield>
         <subfield code="2">rdacarrier</subfield>
      </datafield>
      <datafield tag="500" ind1=" " ind2=" ">
         <subfield code="a">Proceedings of a symposium held at Ancient Olympia, Greece, 19-24 August 2001.</subfield>
      </datafield>
      <datafield tag="504" ind1=" " ind2=" ">
         <subfield code="a">Includes bibliographical references.</subfield>
      </datafield>
      <datafield tag="505" ind1="0" ind2="0">
         <subfield code="t">Forword and a tribute to the memory of the late Professor A.D. Dimarogonas /</subfield>
         <subfield code="r">[S.A. Paipetis] --</subfield>
         <subfield code="t">Discovering the past; inventing the future --</subfield>
         <subfield code="r">Holister, G.S. --</subfield>
         <subfield code="t">Cross-fertilization of science and technology in ancient Greece /</subfield>
         <subfield code="r">Tassios, Th.P.</subfield>
         <subfield code="g">[Part] A.</subfield>
         <subfield code="t">Machines.</subfield>
         <subfield code="t">Machines in Homer /</subfield>
         <subfield code="r">Dimararogonas, A.D. --</subfield>
         <subfield code="t">Archimedes and the invention of the screw-pump /</subfield>
         <subfield code="r">Koetsier, Teun --</subfield>
         <subfield code="t">Deus ex machina /</subfield>
         <subfield code="r">Chondros, Th.G. --</subfield>
         <subfield code="r">Dimarogonas, A.D. --</subfield>
         <subfield code="t">How Penelope was weaving : presentation of the controversial points on the construction of the wrap-weighted loom /</subfield>
         <subfield code="r">Tsoskounoglu-Misopolinou, A. --</subfield>
         <subfield code="t">Ancient high technology at the time of Heron of Alexandria and its consequent decline and simplification : an example drawn from the twin screw press /</subfield>
         <subfield code="r">Parharides, S. --</subfield>
         <subfield code="r">Vallianos, Ch. --</subfield>
         <subfield code="t">Mechanical study of a hoisting machine in ancient Greece /</subfield>
         <subfield code="r">Rapti, D. --</subfield>
         <subfield code="r">Zacharopoulos, D.A. --</subfield>
         <subfield code="r">Gdoutsos, E.E. --</subfield>
         <subfield code="t">Kerotakis : pigment production with the use of an unknown alchemical apparatus /</subfield>
         <subfield code="r">Katsaros, Th. --</subfield>
         <subfield code="t">Optical and thermal properties of caustic mirrors /</subfield>
         <subfield code="r">Tsitomeneas, S. --</subfield>
         <subfield code="r">Carabelas, A. --</subfield>
         <subfield code="r">Kyraggelos, P. --</subfield>
         <subfield code="t">Towards a new reconstruction of the Antikythera mechanism : some external features /</subfield>
         <subfield code="r">Wright, M.T. --</subfield>
         <subfield code="t">The construction and operation of Archimedes' iron hand /</subfield>
         <subfield code="r">Rorres, Ch. --</subfield>
         <subfield code="r">Harris, H.G. --</subfield>
         <subfield code="t">Defensive weapons in Homer.</subfield>
         <subfield code="g">Part A.</subfield>
         <subfield code="t">The shield of Achilles.</subfield>
         <subfield code="g">Part B.</subfield>
         <subfield code="t">Thes shield of Ajax /</subfield>
         <subfield code="r">Paipetis, S.A. --</subfield>
         <subfield code="r">Kostopoulos, V. --</subfield>
         <subfield code="t">Romanian folk milling machines for cereals of Roman origin /</subfield>
         <subfield code="r">Popescu, I. --</subfield>
         <subfield code="r">Caravan, M.-L. --</subfield>
         <subfield code="r">Mitsi, S. --</subfield>
         <subfield code="t">Gear-like mechanisms in antiquity /</subfield>
         <subfield code="r">Popescu, [I.] --</subfield>
         <subfield code="t">The bellows go to war /</subfield>
         <subfield code="r">Orfanoudakis, N. --</subfield>
         <subfield code="t">The Lakedaimonian short sword /</subfield>
         <subfield code="r">Orfanoudakis, N.</subfield>
      </datafield>
      <datafield tag="505" ind1="8" ind2="0">
         <subfield code="g">[Part] B.</subfield>
         <subfield code="t">Structures.</subfield>
         <subfield code="t">Static and dynamic analysis of Arta Bridge by finite elements /</subfield>
         <subfield code="r">Beskos, D.D. --</subfield>
         <subfield code="t">Axumite megaliths in the late antiquity /</subfield>
         <subfield code="r">Canavas, C. --</subfield>
         <subfield code="t">Acoustical behaviour of the chamber of the dead in the Nekyomanteion of Acheron River /</subfield>
         <subfield code="r">Paipetis, S.A. --</subfield>
         <subfield code="r">Polyzos, D. --</subfield>
         <subfield code="r">Agnantiaris, J.P. --</subfield>
         <subfield code="r">Sellountos, E.J. --</subfield>
         <subfield code="t">The building techniques of the Roman roads : the Via Flaminia from Narni to Forum Flaminium, in Umbria /</subfield>
         <subfield code="r">Corradi, L. --</subfield>
         <subfield code="r">Rasimelli, I. --</subfield>
         <subfield code="r">Marchetti, M.I. --</subfield>
         <subfield code="r">Corradi, S. --</subfield>
         <subfield code="r">Batino, S. --</subfield>
         <subfield code="r">Corradi, M. --</subfield>
         <subfield code="t">Treasury of Atreus : the construction of the façade /</subfield>
         <subfield code="r">Kamm, W. --</subfield>
         <subfield code="t">Egyptian obelisks in Rome /</subfield>
         <subfield code="r">Cigola, M. --</subfield>
         <subfield code="t">Adobe structures at Mecyneae /</subfield>
         <subfield code="r">Palyvou, C. --</subfield>
         <subfield code="r">Tassios, Th.P. --</subfield>
         <subfield code="r">Stournaras, K. --</subfield>
         <subfield code="r">Geralis, K. --</subfield>
         <subfield code="t">Thera : the Minoan &amp; Cycladic ship /</subfield>
         <subfield code="r">Marcoyannis, G. --</subfield>
         <subfield code="r">Gilmer, Th. --</subfield>
         <subfield code="r">Roukis, Ch. --</subfield>
         <subfield code="t">Shipbuilding in the Aegean in the Byzantine era /</subfield>
         <subfield code="r">Belles, C.</subfield>
         <subfield code="g">[Part] C.</subfield>
         <subfield code="t">General themes.</subfield>
         <subfield code="t">Was Platonic Atlantis prehistoric Troy? /</subfield>
         <subfield code="r">Papamarinopoulos, S. --</subfield>
         <subfield code="t">Was Platonic Atlantis the island of Santorini? /</subfield>
         <subfield code="r">Papamarinopoulos, S. --</subfield>
         <subfield code="t">A marine archaeological reconnaissance survey in Alexandria (Cape Lochias), Egypt, using remote sensing technology /</subfield>
         <subfield code="r">Papatheodorou, G. --</subfield>
         <subfield code="r">Chalari, A. --</subfield>
         <subfield code="r">Geraga, M. --</subfield>
         <subfield code="r">Stefatos, A. --</subfield>
         <subfield code="r">Paleokrasas, A. --</subfield>
         <subfield code="r">Christodoulou, D. --</subfield>
         <subfield code="r">Ferentinos, G.</subfield>
      </datafield>
      <datafield tag="650" ind1=" " ind2="0">
         <subfield code="a">Technology</subfield>
         <subfield code="x">History</subfield>
         <subfield code="y">To 1500</subfield>
         <subfield code="v">Congresses.</subfield>
      </datafield>
      <datafield tag="650" ind1=" " ind2="0">
         <subfield code="a">Science, Ancient</subfield>
         <subfield code="v">Congresses.</subfield>
      </datafield>
      <datafield tag="650" ind1=" " ind2="0">
         <subfield code="a">Engineering</subfield>
         <subfield code="x">History</subfield>
         <subfield code="y">To 1500</subfield>
         <subfield code="v">Congresses.</subfield>
      </datafield>
      <datafield tag="700" ind1="1" ind2=" ">
         <subfield code="a">Paipetis, S. A.,</subfield>
         <subfield code="e">editor.</subfield>
      </datafield>
      <datafield tag="OWN" ind1=" " ind2=" ">
         <subfield code="a">GENERAL</subfield>
      </datafield>
      <datafield tag="AVA" ind1=" " ind2=" ">
         <subfield code="a">NYU50</subfield>
         <subfield code="b">NISAW</subfield>
         <subfield code="c">Large Collection</subfield>
         <subfield code="d">T16 .E98 2003</subfield>
         <subfield code="e">available</subfield>
         <subfield code="t">Available</subfield>
         <subfield code="f">1</subfield>
         <subfield code="g">0</subfield>
         <subfield code="h">N</subfield>
         <subfield code="i">0</subfield>
         <subfield code="j">LARGE</subfield>
         <subfield code="k">0</subfield>
      </datafield>
      <marc:datafield tag="852" ind1=" " ind2=" ">
         <marc:subfield code="b">Institute for the Study of the Ancient World, </marc:subfield>
         <marc:subfield code="c">Large Collection</marc:subfield>
         <marc:subfield code="e">15 East 84th St., </marc:subfield>
         <marc:subfield code="e">New York, NY  10028</marc:subfield>
      </marc:datafield>
   </record>