
  
  
  
  
  
  
  
 
  
  <record xsi:schemaLocation="http://www.loc.gov/MARC21/slim http://www.loc.gov/standards/marcxml/schema/MARC21slim.xsd">
      <leader>00000nam a22      a 4500</leader>
      <controlfield tag="FMT">BK</controlfield>
      <controlfield tag="LDR">00000nam a22      a 4500</controlfield>
      <controlfield tag="001">004194612</controlfield>
      <controlfield tag="005">20151009153620.0</controlfield>
      <controlfield tag="008">151009s2015    nyuab    b    010 0 eng d</controlfield>
      <datafield tag="020" ind1=" " ind2=" ">
         <subfield code="a">9780897223393</subfield>
      </datafield>
      <datafield tag="040" ind1=" " ind2=" ">
         <subfield code="a">NNU</subfield>
         <subfield code="b">eng</subfield>
         <subfield code="e">rda</subfield>
         <subfield code="c">NNU</subfield>
      </datafield>
      <datafield tag="041" ind1="0" ind2=" ">
         <subfield code="a">eng</subfield>
         <subfield code="a">fre</subfield>
      </datafield>
      <datafield tag="043" ind1=" " ind2=" ">
         <subfield code="a">e-----</subfield>
         <subfield code="a">aw-----</subfield>
         <subfield code="a">fa-----</subfield>
      </datafield>
      <datafield tag="050" ind1=" " ind2="4">
         <subfield code="a">CJ809</subfield>
         <subfield code="b">.F54 2015</subfield>
      </datafield>
      <datafield tag="245" ind1="0" ind2="0">
         <subfield code="a">Fides :</subfield>
         <subfield code="b">contributions to numismatics in honor of Richard B. Witschonke /</subfield>
         <subfield code="c">edited by Peter G. van Alfen, Gilles Bransbourg, Michel Amandry.</subfield>
      </datafield>
      <datafield tag="264" ind1=" " ind2="1">
         <subfield code="a">New York :</subfield>
         <subfield code="b">The American Numismatic Society,</subfield>
         <subfield code="c">2015.</subfield>
      </datafield>
      <datafield tag="300" ind1=" " ind2=" ">
         <subfield code="a">ix, 507 pages :</subfield>
         <subfield code="b">black-and-white illustrations, black-and-white maps ;</subfield>
         <subfield code="c">29 cm</subfield>
      </datafield>
      <datafield tag="336" ind1=" " ind2=" ">
         <subfield code="a">text</subfield>
         <subfield code="b">txt</subfield>
         <subfield code="2">rdacontent</subfield>
      </datafield>
      <datafield tag="337" ind1=" " ind2=" ">
         <subfield code="a">unmediated</subfield>
         <subfield code="b">n</subfield>
         <subfield code="2">rdamedia</subfield>
      </datafield>
      <datafield tag="338" ind1=" " ind2=" ">
         <subfield code="a">volume</subfield>
         <subfield code="b">nc</subfield>
         <subfield code="2">rdacarrier</subfield>
      </datafield>
      <datafield tag="500" ind1=" " ind2=" ">
         <subfield code="a">"A Bibliography of Richard B. Witschonke"--Page ix.</subfield>
      </datafield>
      <datafield tag="504" ind1=" " ind2=" ">
         <subfield code="a">Includes bibliographical references.</subfield>
      </datafield>
      <datafield tag="546" ind1=" " ind2=" ">
         <subfield code="a">18 contributions in English, 2 in French.</subfield>
      </datafield>
      <datafield tag="505" ind1="0" ind2="0">
         <subfield code="t">A Hoard from Thessaly Containing Aeginetan Staters and Thessalian Issues of the Taurokathapsia Type /</subfield>
         <subfield code="r">Katerini Liampi --</subfield>
         <subfield code="t">The Capitoline Hoard and the Circulation of Silver Coins in Central and Northern Italy in the Third Century BC /</subfield>
         <subfield code="r">Andrew Burnett and Maria Cristina Molinari --</subfield>
         <subfield code="t">A Late Third Century BC Hoard of Sardo-Punic Bronzes (IGCH 2290) /</subfield>
         <subfield code="r">Peter van Alfen --</subfield>
         <subfield code="t">Currency Debasement and Public Debt Management at the Time of the Second Punic War /</subfield>
         <subfield code="r">Gilles Bransbourg --</subfield>
         <subfield code="t">Alliance and Coinage: South Italy during the Second Punic War /</subfield>
         <subfield code="r">David Vagi --</subfield>
         <subfield code="t">A Hoard of Cut Roman Republican Denarii from the Second Punic War /</subfield>
         <subfield code="r">Andrew McCabe --</subfield>
         <subfield code="t">The Late Hellenistic Didrachms of Leukas: Another Case of Greek Coinage for the Roman Army /</subfield>
         <subfield code="r">François de Callataÿ --</subfield>
         <subfield code="t">Four Cistophoric Hoards? /</subfield>
         <subfield code="r">Andrew R. Meadows --</subfield>
         <subfield code="t">The Cistophori of Nysa /</subfield>
         <subfield code="r">William E. Metcalf --</subfield>
         <subfield code="t">"A City of Brick": Architectural Designs on Roman Republican Coins and Second-Style Wall Painting /</subfield>
         <subfield code="r">Nathan T. Elkins --</subfield>
         <subfield code="t">Ulysses’s Return and Portrayals of Fides on Republican Coins /</subfield>
         <subfield code="r">Liv Mariah Yarrow --</subfield>
         <subfield code="t">The Labors of Hercules on Central Italian Coins and Tesserae of the First century BC /</subfield>
         <subfield code="r">Clive Stannard --</subfield>
         <subfield code="t">Sextus Pompeius between Hispania and Germania /</subfield>
         <subfield code="r">Michael H. Crawford --</subfield>
         <subfield code="t">Erato or Terpsichore: A Reassement /</subfield>
         <subfield code="r">Philip Davis --</subfield>
         <subfield code="t">The Aureus of Pompey the Great Revisited /</subfield>
         <subfield code="r">Bernhard E. Woytek --</subfield>
         <subfield code="t">Judaea and Rome: The Early Numismatic Commentary, First Century BCE /</subfield>
         <subfield code="r">David Hendin --</subfield>
         <subfield code="t">De Quelques Émissions Coloniales Romaines en Sicile: Retour à Tyndaris /</subfield>
         <subfield code="r">Patrick Villemur --</subfield>
         <subfield code="t">Corinth and Athens: Numismatic Circulation from the Late Republic to the High Empire /</subfield>
         <subfield code="r">Sophia Kremydi and Athena Iakovidou --</subfield>
         <subfield code="t">The Third Neokorate of Sardis in Light of a New Coin Type Found in Sardis /</subfield>
         <subfield code="r">Jane DeRose Evans --</subfield>
         <subfield code="t">Le Monnayage de la Res Publica Coloniae Philippensium: Nouvelles Données /</subfield>
         <subfield code="r">Michel Amandry.</subfield>
      </datafield>
      <datafield tag="650" ind1=" " ind2="0">
         <subfield code="a">Coins, Roman.</subfield>
      </datafield>
      <datafield tag="700" ind1="1" ind2=" ">
         <subfield code="a">Van Alfen, Peter G.,</subfield>
         <subfield code="e">editor.</subfield>
      </datafield>
      <datafield tag="700" ind1="1" ind2=" ">
         <subfield code="a">Bransbourg, Gilles,</subfield>
         <subfield code="e">editor.</subfield>
      </datafield>
      <datafield tag="700" ind1="1" ind2=" ">
         <subfield code="a">Amandry, Michel,</subfield>
         <subfield code="e">editor.</subfield>
      </datafield>
      <datafield tag="700" ind1="1" ind2=" ">
         <subfield code="a">Witschonke, Richard,</subfield>
         <subfield code="e">honoree.</subfield>
      </datafield>
      <datafield tag="710" ind1="2" ind2=" ">
         <subfield code="a">American Numismatic Society,</subfield>
         <subfield code="e">issuing body.</subfield>
      </datafield>
      <datafield tag="OWN" ind1=" " ind2=" ">
         <subfield code="a">GENERAL</subfield>
      </datafield>
      <datafield tag="AVA" ind1=" " ind2=" ">
         <subfield code="a">NYU50</subfield>
         <subfield code="b">NISAW</subfield>
         <subfield code="c">Large Collection</subfield>
         <subfield code="d">CJ809 .F54 2015</subfield>
         <subfield code="e">available</subfield>
         <subfield code="t">Available</subfield>
         <subfield code="f">1</subfield>
         <subfield code="g">0</subfield>
         <subfield code="h">N</subfield>
         <subfield code="i">0</subfield>
         <subfield code="j">LARGE</subfield>
         <subfield code="k">0</subfield>
      </datafield>
      <marc:datafield tag="852" ind1=" " ind2=" ">
         <marc:subfield code="b">Institute for the Study of the Ancient World, </marc:subfield>
         <marc:subfield code="c">Large Collection</marc:subfield>
         <marc:subfield code="e">15 East 84th St., </marc:subfield>
         <marc:subfield code="e">New York, NY  10028</marc:subfield>
      </marc:datafield>
   </record>