
  
  
  
  
  
  
 
  
  <record xsi:schemaLocation="http://www.loc.gov/MARC21/slim http://www.loc.gov/standards/marcxml/schema/MARC21slim.xsd">
      <leader>00000nam a22      i 4500</leader>
      <controlfield tag="FMT">BK</controlfield>
      <controlfield tag="LDR">00000nam a22      i 4500</controlfield>
      <controlfield tag="001">004195023</controlfield>
      <controlfield tag="005">20151012165644.0</controlfield>
      <controlfield tag="008">151012s2015    gw ab    b    100 0 ger d</controlfield>
      <datafield tag="020" ind1=" " ind2=" ">
         <subfield code="a">3937203753</subfield>
      </datafield>
      <datafield tag="020" ind1=" " ind2=" ">
         <subfield code="a">9783937203751</subfield>
      </datafield>
      <datafield tag="040" ind1=" " ind2=" ">
         <subfield code="a">NNU</subfield>
         <subfield code="b">eng</subfield>
         <subfield code="e">rda</subfield>
         <subfield code="c">NNU</subfield>
      </datafield>
      <datafield tag="041" ind1="0" ind2=" ">
         <subfield code="a">ger</subfield>
         <subfield code="a">tur</subfield>
      </datafield>
      <datafield tag="043" ind1=" " ind2=" ">
         <subfield code="a">a-tu---</subfield>
      </datafield>
      <datafield tag="050" ind1=" " ind2="4">
         <subfield code="a">DS155</subfield>
         <subfield code="b">.A43 2014</subfield>
      </datafield>
      <datafield tag="245" ind1="0" ind2="0">
         <subfield code="a">Anatolien - Brücke der Kulturen :</subfield>
         <subfield code="b">Aktuelle Forschungen und Perspektiven in den deutsch-türkischen Altertumswissenschaften; Tagungsband des Internationalen Symposiums "Anatolien - Brücke der Kulturen" in Bonn vom 7. bis 9. Juli 2014 = Kültürlerin Köprüsü Anadolu : Türk-Alman Eskiçağ Bilimlerinde Güncel Bilimsel Araştırmalar ve Yeni Bakış Açıları; 7-9 Temmuz 2014'te Bonn'da yapılan "Kültürlerin Köprüsü Anadolu" konulu uluslararası sempozyum kitabı /</subfield>
         <subfield code="c">Herausgeber = editör : Ünsal Yalçın &amp; Hans-Dieter Bienert.</subfield>
      </datafield>
      <datafield tag="246" ind1="3" ind2=" ">
         <subfield code="a">Kültürlerin Köprüsü Anadolu Türk-Alman Eskiçağ Bilimlerinde Güncel Bilimsel Araştırmalar ve Yeni Bakış Açıları</subfield>
      </datafield>
      <datafield tag="264" ind1=" " ind2="1">
         <subfield code="a">Bochum ;</subfield>
         <subfield code="a">Bonn :</subfield>
         <subfield code="b">Deutsches Bergbau-Museum Bochum,</subfield>
         <subfield code="c">2015.</subfield>
      </datafield>
      <datafield tag="300" ind1=" " ind2=" ">
         <subfield code="a">400 pages :</subfield>
         <subfield code="b">illustrations (some colored), maps (some colored) ;</subfield>
         <subfield code="c">30 cm.</subfield>
      </datafield>
      <datafield tag="336" ind1=" " ind2=" ">
         <subfield code="a">text</subfield>
         <subfield code="b">txt</subfield>
         <subfield code="2">rdacontent</subfield>
      </datafield>
      <datafield tag="337" ind1=" " ind2=" ">
         <subfield code="a">unmediated</subfield>
         <subfield code="b">n</subfield>
         <subfield code="2">rdamedia</subfield>
      </datafield>
      <datafield tag="338" ind1=" " ind2=" ">
         <subfield code="a">volume</subfield>
         <subfield code="b">nc</subfield>
         <subfield code="2">rdacarrier</subfield>
      </datafield>
      <datafield tag="490" ind1="1" ind2=" ">
         <subfield code="a">Anschnitt. Beiheft ;</subfield>
         <subfield code="v">27</subfield>
      </datafield>
      <datafield tag="490" ind1="1" ind2=" ">
         <subfield code="a">Veröffentlichungen aus dem Deutschen Bergbau-Museum Bochum ;</subfield>
         <subfield code="v">203</subfield>
      </datafield>
      <datafield tag="504" ind1=" " ind2=" ">
         <subfield code="a">Includes bibliographical references.</subfield>
      </datafield>
      <datafield tag="505" ind1="0" ind2="0">
         <subfield code="a">Zum Geleit =</subfield>
         <subfield code="t">Sunuş /</subfield>
         <subfield code="r">Dorothee Dzwonnek --</subfield>
         <subfield code="t">Grusswort =</subfield>
         <subfield code="t">Sunuş /</subfield>
         <subfield code="r">Peter Funke --</subfield>
         <subfield code="t">Vorwort =</subfield>
         <subfield code="t">Önsöz /</subfield>
         <subfield code="r">Ünsal Yalçin &amp; Hans-Dieter Bienert --</subfield>
         <subfield code="t">Geschichte der archäologischen Forschungen in der Türkei =</subfield>
         <subfield code="t">Türkiye'de Arkeolojik Araştırmaların Tarihçesi /</subfield>
         <subfield code="r">Ünsal Yalçin --</subfield>
         <subfield code="t">Forschung-Kommunikation-Kulturerhalt : Aufgaben und Perspektiven des Deutschen Archäologischen Instituts in der Türkei =</subfield>
         <subfield code="t">Araştırma-İletişim-Kültürel Miras Koruması : Alman Arkeoloji Enstitüsü'nün Türkiye' dek Görev ve Perspektifleri /</subfield>
         <subfield code="r">Felix Pirson --</subfield>
         <subfield code="t">Die keilschriftlichen Quellen bis zum Ende der Bronzezeit aus Kleinasien =</subfield>
         <subfield code="t">Tunç Çağı’nın Sonuna Dek Çivi Yazılı Kaynaklar /</subfield>
         <subfield code="r">Jörg Klinger --</subfield>
         <subfield code="t">Die Geschichte der deutsch-türkischen Zusammenarbeit in Altertumswissenschaften : Altbewährte, aber nicht veraltete Zusammenarbeit =</subfield>
         <subfield code="t">Eski Çağ Bilimlerinde Türk-Alman İşbirliğinin Tarihçesi : Eski Ama Eskimeyen Birliktelik /</subfield>
         <subfield code="r">Mustafa Hamdi Sayar --</subfield>
         <subfield code="t">Göbekli Tepe : Ein exzeptioneller Fundplatz des frühesten Neolithikums auf dem Weg zum Weltkulturerbe =</subfield>
         <subfield code="t">Göbekli Tepe : Dünya Kültür Mirasına Girme Yolunda Olağandışı Bir Erken Neolitik Buluntu Yeri /</subfield>
         <subfield code="r">Oliver Dietrich, Jens Notroff &amp; Klaus Schmidt --</subfield>
         <subfield code="t">Staudammprojekte und Archäologie : Rettungsgrabungen in der Südöstlichen Türkei =</subfield>
         <subfield code="t">Baraj Projeleri ve Arkeoloji : Türkiye’nin Güneydoğusunda Kurtarma Kazıları /</subfield>
         <subfield code="r">Ayşe Tuba Ökse --</subfield>
         <subfield code="t">Das Kırklareli Projekt : Ein Forschungsüberblick anlässlich des 20jährigen Jubiläums des Türkisch-Deutschen Gemeinschaftsprojekts =</subfield>
         <subfield code="t">Kırklareli Projesi : Türk-Alman Ortak Projesinin 20. Yıl Dönümünde Araştırmalara Toplu Bakış /</subfield>
         <subfield code="r">Zeynep Eres [and 5 others] --</subfield>
         <subfield code="t">Prähistorischer Kupferbergbau in Derekutuğun =</subfield>
         <subfield code="t">Derekutuğun Tarihöncesi Bakır İşletmeleri /</subfield>
         <subfield code="r">Ünsal Yalçın [and 3 others] --</subfield>
      </datafield>
      <datafield tag="505" ind1="8" ind2="0">
         <subfield code="t">Neue Forschungen im vorgeschichtlichen Mittelwestanatolien Bakla Tepe, Liman Tepe, Çeşme Bağlararası und Panaztepe =</subfield>
         <subfield code="t">Orta Batı Anadolu’da Yeni Tarih Öncesi Araştırmaları Bakla Tepe, Liman Tepe, Çeşme Bağlararası ve Panaztepe /</subfield>
         <subfield code="r">Armağan Erkanal-Öktü &amp; Hayat Erkanal --</subfield>
         <subfield code="t">Ein Zentrum mit interregionalen Beziehungen in Westanatolien in der Bronzezeit : Çine-Tepecik =</subfield>
         <subfield code="t">Bronz Çağında Batı Anadolu’da Bölgelerarası Bağlantıları Gösteren Bir Merkez : Çine-Tepecik /</subfield>
         <subfield code="r">Sevinç Günel --</subfield>
         <subfield code="t">Boğazköy-Hattuša : Rückblick und Perspektiven =</subfield>
         <subfield code="t">Boğazköy-Hattuša : Geçmişe Bir Bakış ve Perspektifler /</subfield>
         <subfield code="r">Andreas Schachner --</subfield>
         <subfield code="t">10 Jahre Forschungen am Oymaağaç Höyük (Nerik) =</subfield>
         <subfield code="t">Oymaağaç Höyük (Nerik) Kazıları’nda 10 Yıl /</subfield>
         <subfield code="r">Rainer M. Czichon --</subfield>
         <subfield code="t">Die Forschungsstelle Asia Minor in Kommagene und Doliche (1938–2014) =</subfield>
         <subfield code="t">Küçük Asya Araştırmaları Birimi‘nin Kommagene ve Doliche’de Çalışmaları (1938-2014) /</subfield>
         <subfield code="r">Engelbert Winter --</subfield>
         <subfield code="t">Marmaray U-Bahnprojekte und die Rettungsgrabungen in Yenikapı =</subfield>
         <subfield code="t">Marmaray Metro Projeleri ve Yenikapı Arkeolojik Kurtarma Kazıları /</subfield>
         <subfield code="r">Zeynep Kızıltan &amp; Sait Başaran --</subfield>
         <subfield code="t">Stadt und Umland von Pergamon : Stand der Forschung und Perspektiven =</subfield>
         <subfield code="t">Pergamon Kenti ve Çevresi : Araştırmaların Son Durumu ve Yeni Ufuklar /</subfield>
         <subfield code="r">Felix Pirson --</subfield>
         <subfield code="t">Forschungen in Milet: Rückblick und Perspektive =</subfield>
         <subfield code="t">Milet Araştırmaları: Geçmişe Bir Bakış ve Yeni Perspektifler /</subfield>
         <subfield code="r">Christof Berns --</subfield>
      </datafield>
      <datafield tag="505" ind1="8" ind2="0">
         <subfield code="t">Aktuelle Forschungen in Didyma =</subfield>
         <subfield code="t">Didyma’da Güncel Araştırmalar /</subfield>
         <subfield code="r">Helga Bumke --</subfield>
         <subfield code="t">Teos im Licht der neuen Forschungen =</subfield>
         <subfield code="t">Yeni Araştırmalar Işığında Teos /</subfield>
         <subfield code="r">Musa Kadıoğlu [and 3 others] --</subfield>
         <subfield code="t">Zwischen Persern und Griechen : Assos als Festungs- und Philosophenstadt =</subfield>
         <subfield code="t">Persler ve Hellenler Arasında : Filozofar Kenti Assos/</subfield>
         <subfield code="r">Nurettin Arslan &amp; Klaus Rheidt --</subfield>
         <subfield code="t">Epigraphische Forschung in der Türkei : Das Beispiel der antiken Stadt Patara in Lykien =</subfield>
         <subfield code="t">Türkiye’de Epigrafk Araştırmalar : Lykia’daki Antik Patara Kenti Örneği /</subfield>
         <subfield code="r">Christof Schuler &amp; Klaus Zimmermann.</subfield>
      </datafield>
      <datafield tag="546" ind1=" " ind2=" ">
         <subfield code="a">Parallel German and Turkish.</subfield>
      </datafield>
      <datafield tag="650" ind1=" " ind2="0">
         <subfield code="a">Excavations (Archaeology)</subfield>
         <subfield code="z">Turkey</subfield>
         <subfield code="v">Congresses.</subfield>
      </datafield>
      <datafield tag="651" ind1=" " ind2="0">
         <subfield code="a">Turkey</subfield>
         <subfield code="x">Antiquities</subfield>
         <subfield code="v">Congresses.</subfield>
      </datafield>
      <datafield tag="651" ind1=" " ind2="0">
         <subfield code="a">Turkey</subfield>
         <subfield code="x">History</subfield>
         <subfield code="v">Congresses.</subfield>
      </datafield>
      <datafield tag="700" ind1="1" ind2=" ">
         <subfield code="a">Yalçin, Ünsal,</subfield>
         <subfield code="e">editor.</subfield>
      </datafield>
      <datafield tag="700" ind1="1" ind2=" ">
         <subfield code="a">Bienert, Hans-Dieter,</subfield>
         <subfield code="e">editor.</subfield>
      </datafield>
      <datafield tag="830" ind1=" " ind2="0">
         <subfield code="a">Anschnitt.</subfield>
         <subfield code="p">Beiheft ;</subfield>
         <subfield code="v">27.</subfield>
      </datafield>
      <datafield tag="830" ind1=" " ind2="0">
         <subfield code="a">Veröffentlichungen aus dem Deutschen Bergbau-Museum Bochum ;</subfield>
         <subfield code="v">203.</subfield>
      </datafield>
      <datafield tag="OWN" ind1=" " ind2=" ">
         <subfield code="a">GENERAL</subfield>
      </datafield>
      <datafield tag="AVA" ind1=" " ind2=" ">
         <subfield code="a">NYU50</subfield>
         <subfield code="b">NISAW</subfield>
         <subfield code="c">Large Collection</subfield>
         <subfield code="d">DS155 .A43 2014</subfield>
         <subfield code="e">available</subfield>
         <subfield code="t">Available</subfield>
         <subfield code="f">1</subfield>
         <subfield code="g">0</subfield>
         <subfield code="h">N</subfield>
         <subfield code="i">0</subfield>
         <subfield code="j">LARGE</subfield>
         <subfield code="k">0</subfield>
      </datafield>
      <marc:datafield tag="852" ind1=" " ind2=" ">
         <marc:subfield code="b">Institute for the Study of the Ancient World, </marc:subfield>
         <marc:subfield code="c">Large Collection</marc:subfield>
         <marc:subfield code="e">15 East 84th St., </marc:subfield>
         <marc:subfield code="e">New York, NY  10028</marc:subfield>
      </marc:datafield>
   </record>