
  
  
  
  
  
  
  
  
 
  
  <record xsi:schemaLocation="http://www.loc.gov/MARC21/slim http://www.loc.gov/standards/marcxml/schema/MARC21slim.xsd">
      <leader>00000pam  2200433 i 4500</leader>
      <controlfield tag="FMT">BK</controlfield>
      <controlfield tag="LDR">00000pam  2200433 i 4500</controlfield>
      <controlfield tag="001">004145526</controlfield>
      <controlfield tag="005">20151013144657.0</controlfield>
      <controlfield tag="008">140915t20152015enkab    b    001 0 eng</controlfield>
      <datafield tag="010" ind1=" " ind2=" ">
         <subfield code="a">2014034798</subfield>
      </datafield>
      <datafield tag="020" ind1=" " ind2=" ">
         <subfield code="a">9781107089204</subfield>
         <subfield code="q">hardcover</subfield>
      </datafield>
      <datafield tag="020" ind1=" " ind2=" ">
         <subfield code="a">1107089204</subfield>
         <subfield code="q">hardcover</subfield>
      </datafield>
      <datafield tag="035" ind1=" " ind2=" ">
         <subfield code="a">(NhCcYBP)  2014034798</subfield>
      </datafield>
      <datafield tag="035" ind1="7" ind2=" ">
         <subfield code="a">ybp11243603</subfield>
      </datafield>
      <datafield tag="040" ind1=" " ind2=" ">
         <subfield code="a">DLC</subfield>
         <subfield code="b">eng</subfield>
         <subfield code="e">rda</subfield>
         <subfield code="c">DLC</subfield>
         <subfield code="d">OCLCO</subfield>
         <subfield code="d">YDXCP</subfield>
         <subfield code="d">BTCTA</subfield>
         <subfield code="d">ERASA</subfield>
         <subfield code="d">OCLCF</subfield>
         <subfield code="d">CDX</subfield>
         <subfield code="d">NhCcYBP</subfield>
         <subfield code="d">NNU</subfield>
      </datafield>
      <datafield tag="042" ind1=" " ind2=" ">
         <subfield code="a">pcc</subfield>
      </datafield>
      <datafield tag="050" ind1="0" ind2="0">
         <subfield code="a">HJ2261</subfield>
         <subfield code="b">.F57 2015</subfield>
      </datafield>
      <datafield tag="082" ind1="0" ind2="0">
         <subfield code="a">336.2009/01</subfield>
         <subfield code="2">23</subfield>
      </datafield>
      <datafield tag="084" ind1=" " ind2=" ">
         <subfield code="a">HIS002000</subfield>
         <subfield code="2">bisacsh</subfield>
      </datafield>
      <datafield tag="245" ind1="0" ind2="0">
         <subfield code="a">Fiscal regimes and the political economy of premodern states /</subfield>
         <subfield code="c">edited by Andrew Monson and Walter Scheidel.</subfield>
      </datafield>
      <datafield tag="264" ind1=" " ind2="1">
         <subfield code="a">Cambridge, United Kingdom :</subfield>
         <subfield code="b">Cambridge University Press,</subfield>
         <subfield code="c">2015.</subfield>
      </datafield>
      <datafield tag="264" ind1=" " ind2="4">
         <subfield code="c">©2015</subfield>
      </datafield>
      <datafield tag="300" ind1=" " ind2=" ">
         <subfield code="a">xvi, 586 pages ;</subfield>
         <subfield code="c">24 cm</subfield>
      </datafield>
      <datafield tag="336" ind1=" " ind2=" ">
         <subfield code="a">text</subfield>
         <subfield code="b">txt</subfield>
         <subfield code="2">rdacontent</subfield>
      </datafield>
      <datafield tag="337" ind1=" " ind2=" ">
         <subfield code="a">unmediated</subfield>
         <subfield code="b">n</subfield>
         <subfield code="2">rdamedia</subfield>
      </datafield>
      <datafield tag="338" ind1=" " ind2=" ">
         <subfield code="a">volume</subfield>
         <subfield code="b">nc</subfield>
         <subfield code="2">rdacarrier</subfield>
      </datafield>
      <datafield tag="504" ind1=" " ind2=" ">
         <subfield code="a">Includes bibliographical references and index.</subfield>
      </datafield>
      <datafield tag="505" ind1="0" ind2="0">
         <subfield code="g"/>
         <subfield code="g">Introduction.</subfield>
         <subfield code="t">Studying fiscal regimes /</subfield>
         <subfield code="r">Andrew Monson and Walter Scheidel.</subfield>
         <subfield code="g">Part I.</subfield>
         <subfield code="t">Diversity and Commonalities in Early Extraction Regimes.</subfield>
         <subfield code="t">The Inka empire /</subfield>
         <subfield code="r">Terence N. D'Altroy --</subfield>
         <subfield code="t">The Aztec empire /</subfield>
         <subfield code="r">Michael E. Smith --</subfield>
         <subfield code="t">The Ancient Near East and Egypt /</subfield>
         <subfield code="r">Michael Jursa and Juan Carlos Morena García.</subfield>
         <subfield code="g">Part II.</subfield>
         <subfield code="t">Determinants of Intensification and Abatement.</subfield>
         <subfield code="t">Hellenistic empires /</subfield>
         <subfield code="r">Andrew Monson --</subfield>
         <subfield code="t">The Roman republic /</subfield>
         <subfield code="r">James Tan --</subfield>
         <subfield code="t">The early Roman monarchy /</subfield>
         <subfield code="r">Walter Scheidel --</subfield>
         <subfield code="t">The later Roman empire /</subfield>
         <subfield code="r">Gilles Bransbourg --</subfield>
         <subfield code="t">Early imperial China, from the Qin and Han through Tang /</subfield>
         <subfield code="r">Mark E. Lewis --</subfield>
         <subfield code="t">Imperial China under the Song and late Qing /</subfield>
         <subfield code="r">Kent Gang Deng.</subfield>
         <subfield code="g">Part III.</subfield>
         <subfield code="t">Divergent Trends among Established Regimes.</subfield>
         <subfield code="t">Late Rome, Byzantium and early medieval western Europe /</subfield>
         <subfield code="r">John Haldon --</subfield>
         <subfield code="t">The Middle East in Islamic late antiquity /</subfield>
         <subfield code="r">Hugh Kennedy --</subfield>
         <subfield code="t">The Ottoman empire /</subfield>
         <subfield code="r">Metin M. Coşgel --</subfield>
         <subfield code="t">Early modern Japan /</subfield>
         <subfield code="r">Philip C. Brown.</subfield>
         <subfield code="g">Part IV.</subfield>
         <subfield code="t">Fragmented Political Ecologies and Institutional Innovation.</subfield>
         <subfield code="t">The Greek polis and koinon /</subfield>
         <subfield code="r">Emily Mackil --</subfield>
         <subfield code="t">Classical Athens /</subfield>
         <subfield code="r">Josiah Ober --</subfield>
         <subfield code="t">Why did public debt originate in Europe? /</subfield>
         <subfield code="r">David Stasavage.</subfield>
         <subfield code="g">Part V.</subfield>
         <subfield code="t">Comparative Perspectives and New Frontiers.</subfield>
         <subfield code="t">Tributary empires and the New Fiscal Sociology: some comparative reflections /</subfield>
         <subfield code="r">Peter F. Bang --</subfield>
         <subfield code="t">Interpreting the comparative history of fiscal regimes /</subfield>
         <subfield code="r">Edgar Kiser and Margaret Levi.</subfield>
      </datafield>
      <datafield tag="520" ind1=" " ind2=" ">
         <subfield code="a">"This book represents the first global survey of taxation in the premodern world. What emerges is a rich variety of institutions, including experiments with sophisticated instruments such as sovereign debt and fiduciary money, challenging the notion of a typical premodern stage of fiscal development"--</subfield>
         <subfield code="c">Provided by publisher.</subfield>
      </datafield>
      <datafield tag="650" ind1=" " ind2="0">
         <subfield code="a">Taxation</subfield>
         <subfield code="x">History</subfield>
         <subfield code="y">To 1500.</subfield>
      </datafield>
      <datafield tag="650" ind1=" " ind2="0">
         <subfield code="a">Fiscal policy</subfield>
         <subfield code="x">History</subfield>
         <subfield code="y">To 1500.</subfield>
      </datafield>
      <datafield tag="650" ind1=" " ind2="7">
         <subfield code="a">HISTORY / Ancient / General.</subfield>
         <subfield code="2">bisacsh.</subfield>
      </datafield>
      <datafield tag="650" ind1=" " ind2="7">
         <subfield code="a">Fiscal policy.</subfield>
         <subfield code="2">fast</subfield>
         <subfield code="0">(OCoLC)fst00925806.</subfield>
      </datafield>
      <datafield tag="650" ind1=" " ind2="7">
         <subfield code="a">Taxation.</subfield>
         <subfield code="2">fast</subfield>
         <subfield code="0">(OCoLC)fst01143876.</subfield>
      </datafield>
      <datafield tag="648" ind1=" " ind2="7">
         <subfield code="a">To 1500</subfield>
         <subfield code="2">fast.</subfield>
      </datafield>
      <datafield tag="655" ind1=" " ind2="7">
         <subfield code="a">History.</subfield>
         <subfield code="2">fast</subfield>
         <subfield code="0">(OCoLC)fst01411628.</subfield>
      </datafield>
      <datafield tag="700" ind1="1" ind2=" ">
         <subfield code="a">Monson, Andrew,</subfield>
         <subfield code="d">1977-</subfield>
         <subfield code="e">editor.</subfield>
      </datafield>
      <datafield tag="700" ind1="1" ind2=" ">
         <subfield code="a">Scheidel, Walter,</subfield>
         <subfield code="d">1966-</subfield>
         <subfield code="e">editor.</subfield>
      </datafield>
      <datafield tag="OWN" ind1=" " ind2=" ">
         <subfield code="a">GENERAL</subfield>
      </datafield>
      <datafield tag="AVA" ind1=" " ind2=" ">
         <subfield code="a">NYU50</subfield>
         <subfield code="b">BOBST</subfield>
         <subfield code="c">Main Collection</subfield>
         <subfield code="d">HJ2261 .F57 2015</subfield>
         <subfield code="e">available</subfield>
         <subfield code="t">Available</subfield>
         <subfield code="f">1</subfield>
         <subfield code="g">0</subfield>
         <subfield code="h">N</subfield>
         <subfield code="i">0</subfield>
         <subfield code="j">MAIN</subfield>
         <subfield code="k">0</subfield>
      </datafield>
      <datafield tag="AVA" ind1=" " ind2=" ">
         <subfield code="a">NYU50</subfield>
         <subfield code="b">NISAW</subfield>
         <subfield code="c">Small Collection</subfield>
         <subfield code="d">HJ2261 .F57 2015</subfield>
         <subfield code="e">available</subfield>
         <subfield code="t">Available</subfield>
         <subfield code="f">1</subfield>
         <subfield code="g">0</subfield>
         <subfield code="h">N</subfield>
         <subfield code="i">0</subfield>
         <subfield code="j">SMALL</subfield>
         <subfield code="k">0</subfield>
      </datafield>
      <marc:datafield tag="852" ind1=" " ind2=" ">
         <marc:subfield code="b">Institute for the Study of the Ancient World, </marc:subfield>
         <marc:subfield code="c">Small Collection</marc:subfield>
         <marc:subfield code="e">15 East 84th St., </marc:subfield>
         <marc:subfield code="e">New York, NY  10028</marc:subfield>
      </marc:datafield>
   </record>