
  
  
  
  
  
 
  
  <record xsi:schemaLocation="http://www.loc.gov/MARC21/slim http://www.loc.gov/standards/marcxml/schema/MARC21slim.xsd">
      <leader>00000cam a22      a 4500</leader>
      <controlfield tag="FMT">BK</controlfield>
      <controlfield tag="LDR">00000cam a22      a 4500</controlfield>
      <controlfield tag="001">004195511</controlfield>
      <controlfield tag="005">20151016144306.0</controlfield>
      <controlfield tag="008">151014s2004    fr ab    b    100 0 fre d</controlfield>
      <datafield tag="010" ind1=" " ind2=" ">
         <subfield code="a">  2005542694</subfield>
      </datafield>
      <datafield tag="020" ind1=" " ind2=" ">
         <subfield code="a">2907303821</subfield>
      </datafield>
      <datafield tag="020" ind1=" " ind2=" ">
         <subfield code="a">9782907303828</subfield>
      </datafield>
      <datafield tag="035" ind1=" " ind2=" ">
         <subfield code="a">(OCoLC)58719376</subfield>
      </datafield>
      <datafield tag="040" ind1=" " ind2=" ">
         <subfield code="a">COO</subfield>
         <subfield code="b">eng</subfield>
         <subfield code="c">COO</subfield>
         <subfield code="d">DLC</subfield>
         <subfield code="d">TZT</subfield>
         <subfield code="d">MUQ</subfield>
         <subfield code="d">NLGGC</subfield>
         <subfield code="d">TOZ</subfield>
         <subfield code="d">DEBBG</subfield>
         <subfield code="d">OCL</subfield>
         <subfield code="d">OCLCQ</subfield>
         <subfield code="d">OCLCF</subfield>
         <subfield code="d">OCLCQ</subfield>
         <subfield code="d">OCLCO</subfield>
         <subfield code="d">OCL</subfield>
         <subfield code="d">NNU</subfield>
      </datafield>
      <datafield tag="041" ind1="0" ind2=" ">
         <subfield code="a">fre</subfield>
         <subfield code="a">eng</subfield>
         <subfield code="a">ger</subfield>
      </datafield>
      <datafield tag="050" ind1="0" ind2="0">
         <subfield code="a">TT201</subfield>
         <subfield code="b">.T66 2004</subfield>
      </datafield>
      <datafield tag="072" ind1=" " ind2="7">
         <subfield code="a">CC</subfield>
         <subfield code="2">lcco</subfield>
      </datafield>
      <datafield tag="082" ind1="0" ind2="0">
         <subfield code="a">621.9/4</subfield>
         <subfield code="2">22</subfield>
      </datafield>
      <datafield tag="084" ind1=" " ind2=" ">
         <subfield code="a">15.30</subfield>
         <subfield code="2">bcl</subfield>
      </datafield>
      <datafield tag="084" ind1=" " ind2=" ">
         <subfield code="a">NF 1060</subfield>
         <subfield code="2">rvk</subfield>
      </datafield>
      <datafield tag="245" ind1="0" ind2="3">
         <subfield code="a">Le tournage, des origines à l'an mil :</subfield>
         <subfield code="b">actes du colloque de Niederbronn, octobre 2003 /</subfield>
         <subfield code="c">sous la direction de Michel Feuère et Jean-Claude Gérold ; préface de M. Frédéric Reiss.</subfield>
      </datafield>
      <datafield tag="260" ind1=" " ind2=" ">
         <subfield code="a">Montagnac :</subfield>
         <subfield code="b">Mergoil,</subfield>
         <subfield code="c">2004.</subfield>
      </datafield>
      <datafield tag="300" ind1=" " ind2=" ">
         <subfield code="a">233 pages :</subfield>
         <subfield code="b">illustrations (some color), maps (1 color) ;</subfield>
         <subfield code="c">30 cm.</subfield>
      </datafield>
      <datafield tag="336" ind1=" " ind2=" ">
         <subfield code="a">text</subfield>
         <subfield code="b">txt</subfield>
         <subfield code="2">rdacontent</subfield>
      </datafield>
      <datafield tag="337" ind1=" " ind2=" ">
         <subfield code="a">unmediated</subfield>
         <subfield code="b">n</subfield>
         <subfield code="2">rdamedia</subfield>
      </datafield>
      <datafield tag="338" ind1=" " ind2=" ">
         <subfield code="a">volume</subfield>
         <subfield code="b">nc</subfield>
         <subfield code="2">rdacarrier</subfield>
      </datafield>
      <datafield tag="490" ind1="1" ind2=" ">
         <subfield code="a">Monographies instrumentum,</subfield>
         <subfield code="x">1278-3846 ;</subfield>
         <subfield code="v">27</subfield>
      </datafield>
      <datafield tag="546" ind1=" " ind2=" ">
         <subfield code="a">French, English and German.</subfield>
      </datafield>
      <datafield tag="504" ind1=" " ind2=" ">
         <subfield code="a">Includes bibliographical references.</subfield>
      </datafield>
      <datafield tag="505" ind1="0" ind2="0">
         <subfield code="t">Préface /</subfield>
         <subfield code="r">F. Reiss --</subfield>
         <subfield code="t">Le tournage : une technique, une histoire, un colloque /</subfield>
         <subfield code="r">M. Feugère --</subfield>
         <subfield code="t">Inventaire des différents types de tours utilisés en Europe occidentale, des origines à l'époque médiévale, d'après la documentation textuelle, archéologique et iconographique /</subfield>
         <subfield code="r">P. Mille --</subfield>
         <subfield code="t">Drechseln mit Werkzeug aus Feuerstein - eine neolithische Bernsteinbank /</subfield>
         <subfield code="r">Chr. Backwinkel --</subfield>
         <subfield code="t">L'apparition de la céramique tournée en Orient /</subfield>
         <subfield code="r">A. Caubet --</subfield>
         <subfield code="t">Utilisation d'un système tournant et du compas au début du Bronze moyen en Extrême Occident : les éléments de harnachement de la grotte des Perrats à Agris (Charente) /</subfield>
         <subfield code="r">J. Gomez de Soto, Chr. Picod --</subfield>
         <subfield code="t">Nouvelles expérimentations pour la reproduction d'épingles de l'Age du Bronze. Les apports des techniques de l'orfèvrerie : le tournage de la cire perdue /</subfield>
         <subfield code="r">Chr. Picod, C. Mordant --</subfield>
         <subfield code="t">Le tournage dans l'orfèvrerie de l'Age du Bronze et du premier Age du Fer en Europe Atlantique /</subfield>
         <subfield code="r">B. Armbruster --</subfield>
      </datafield>
      <datafield tag="505" ind1="0" ind2=" ">
         <subfield code="t">Tournage expérimental à l'archet de pièces circulaires en os et bois de cerf /</subfield>
         <subfield code="r">Chr. Picod --</subfield>
         <subfield code="t">Le tour à peche. Evaluation de l'aptitude fonctionnelle et étude tracéologique de trois outils : le racloir, la gouge et le crochet /</subfield>
         <subfield code="r">C. Veuillet --</subfield>
         <subfield code="t">Beobachtungen zur frühen Drehscheibenkeramik aus Breisach (Kr. Breisgau-Hochschwarzwald, Baden-Württemberg, D). /</subfield>
         <subfield code="r">I. Blazer --</subfield>
         <subfield code="t">Introduction de la force cinétique rotative dans la chaîne opératoire des productions céramiques du Ve s. av. J.-C. à Bourges /</subfield>
         <subfield code="r">L. Augier, I. Renault --</subfield>
         <subfield code="t">Le tournage du bois, des lignites, de l'ambre et des matières dures d'origine animale à l'Age du Fer /</subfield>
         <subfield code="r">D. Minni --</subfield>
         <subfield code="t">Deux aspects peu connus du tournage des matières dures d'origine animale dans l'Antiquité /</subfield>
         <subfield code="r">Fr. Poplin --</subfield>
         <subfield code="t">Les pyxides tournées de Saintes (Charente-Maritime) : contribution àla connaissance de la technique du tournage du bois dans l'Antiquité /</subfield>
         <subfield code="r">N. Saedlou --</subfield>
         <subfield code="t">Les tours de potiers gallo-romains /</subfield>
         <subfield code="r">A. Desbat --</subfield>
         <subfield code="t">Le tournage des sigillées dans l'atelier de La Graufesenque (Millau, Aveyron) /</subfield>
         <subfield code="r">M. Genin --</subfield>
         <subfield code="t">The turning of ancient glass vessels -</subfield>
         <subfield code="r">R. Lierke --</subfield>
      </datafield>
      <datafield tag="505" ind1="0" ind2="0">
         <subfield code="t">Les récipients en pierre ollaire : état de la question /</subfield>
         <subfield code="r">D. Billoin --</subfield>
         <subfield code="t">Le tournage des pièces d'architecture antiques en pierre /</subfield>
         <subfield code="r">J.-Cl. Bessac --</subfield>
         <subfield code="t">Drück- und Drehspuren an den silbernen Halbkugelbechern vom Typ Leuna des 3. und 4. Jhs. / Turning marks on the embossed silver beakers of the so-called Leuna Type. 3rd.4th c. AD /</subfield>
         <subfield code="r">B. Niemeyer --</subfield>
         <subfield code="t">Tournage et repoussage du meral pour la realisation de vaisselle dans l'Antquite romaine. Problematique des techniques employees, de lamatiere premiere a l'ojet fini /</subfield>
         <subfield code="r">P. Böcking, J.-C. Gérold, R. Petrovszky --</subfield>
         <subfield code="t">The origins of Medieval vessel turning /</subfield>
         <subfield code="r">P. Pugsley.</subfield>
      </datafield>
      <datafield tag="650" ind1=" " ind2="0">
         <subfield code="a">Turning (Lathe work)</subfield>
         <subfield code="x">History</subfield>
         <subfield code="v">Congresses.</subfield>
      </datafield>
      <datafield tag="650" ind1=" " ind2="0">
         <subfield code="a">Lathes</subfield>
         <subfield code="x">History</subfield>
         <subfield code="v">Congresses.</subfield>
      </datafield>
      <datafield tag="650" ind1=" " ind2="0">
         <subfield code="a">Excavations (Archaeology)</subfield>
         <subfield code="v">Congresses.</subfield>
      </datafield>
      <datafield tag="700" ind1="1" ind2=" ">
         <subfield code="a">Feugère, Michel.</subfield>
      </datafield>
      <datafield tag="700" ind1="1" ind2=" ">
         <subfield code="a">Gérold, Jean-Claude.</subfield>
      </datafield>
      <datafield tag="830" ind1=" " ind2="0">
         <subfield code="a">Monographies instrumentum ;</subfield>
         <subfield code="v">27.</subfield>
      </datafield>
      <datafield tag="856" ind1="4" ind2="1">
         <subfield code="3">Table of contents</subfield>
         <subfield code="u">http://bvbr.bib-bvb.de:8991/F?func=service&amp;doc_library=BVB01&amp;doc_number=015826930&amp;line_number=0001&amp;func_code=DB_RECORDS&amp;service_type=MEDIA</subfield>
      </datafield>
      <datafield tag="856" ind1="4" ind2=" ">
         <subfield code="u">http://bvbr.bib-bvb.de:8991/F?func=service&amp;doc_library=BVB01&amp;local_base=BVB01&amp;doc_number=015826930&amp;line_number=0001&amp;func_code=DB_RECORDS&amp;service_type=MEDIA</subfield>
         <subfield code="z">Inhaltsverzeichnis</subfield>
      </datafield>
      <datafield tag="OWN" ind1=" " ind2=" ">
         <subfield code="a">GENERAL</subfield>
      </datafield>
      <datafield tag="AVA" ind1=" " ind2=" ">
         <subfield code="a">NYU50</subfield>
         <subfield code="b">NISAW</subfield>
         <subfield code="c">Large Collection</subfield>
         <subfield code="d">TT201 .T66 2004</subfield>
         <subfield code="e">available</subfield>
         <subfield code="t">Available</subfield>
         <subfield code="f">1</subfield>
         <subfield code="g">0</subfield>
         <subfield code="h">N</subfield>
         <subfield code="i">0</subfield>
         <subfield code="j">LARGE</subfield>
         <subfield code="k">0</subfield>
      </datafield>
      <marc:datafield tag="852" ind1=" " ind2=" ">
         <marc:subfield code="b">Institute for the Study of the Ancient World, </marc:subfield>
         <marc:subfield code="c">Large Collection</marc:subfield>
         <marc:subfield code="e">15 East 84th St., </marc:subfield>
         <marc:subfield code="e">New York, NY  10028</marc:subfield>
      </marc:datafield>
   </record>