
  
  
  
  
  
 
  
  <record xsi:schemaLocation="http://www.loc.gov/MARC21/slim http://www.loc.gov/standards/marcxml/schema/MARC21slim.xsd">
      <leader>00000cam a22      a 4500</leader>
      <controlfield tag="FMT">BK</controlfield>
      <controlfield tag="LDR">00000cam a22      a 4500</controlfield>
      <controlfield tag="001">004195612</controlfield>
      <controlfield tag="005">20151014163835.0</controlfield>
      <controlfield tag="008">151014s2005    fr ab    b    010 0 eng c</controlfield>
      <datafield tag="010" ind1=" " ind2=" ">
         <subfield code="a">  2006446017</subfield>
      </datafield>
      <datafield tag="020" ind1=" " ind2=" ">
         <subfield code="a">2907303910</subfield>
      </datafield>
      <datafield tag="020" ind1=" " ind2=" ">
         <subfield code="a">9782907303910</subfield>
      </datafield>
      <datafield tag="035" ind1=" " ind2=" ">
         <subfield code="a">(OCoLC)64166832</subfield>
      </datafield>
      <datafield tag="040" ind1=" " ind2=" ">
         <subfield code="a">TZT</subfield>
         <subfield code="b">eng</subfield>
         <subfield code="c">TZT</subfield>
         <subfield code="d">DLC</subfield>
         <subfield code="d">CGU</subfield>
         <subfield code="d">BTCTA</subfield>
         <subfield code="d">LVB</subfield>
         <subfield code="d">NLGGC</subfield>
         <subfield code="d">YDXCP</subfield>
         <subfield code="d">GEBAY</subfield>
         <subfield code="d">EUM</subfield>
         <subfield code="d">OCLCO</subfield>
         <subfield code="d">OCLCQ</subfield>
         <subfield code="d">OCLCF</subfield>
         <subfield code="d">OCLCQ</subfield>
         <subfield code="d">NNU</subfield>
      </datafield>
      <datafield tag="041" ind1="0" ind2=" ">
         <subfield code="a">eng</subfield>
         <subfield code="a">fre</subfield>
      </datafield>
      <datafield tag="042" ind1=" " ind2=" ">
         <subfield code="a">pcc</subfield>
      </datafield>
      <datafield tag="043" ind1=" " ind2=" ">
         <subfield code="a">mm-----</subfield>
      </datafield>
      <datafield tag="050" ind1="0" ind2="0">
         <subfield code="a">NX448.5</subfield>
         <subfield code="b">.I53 2005</subfield>
      </datafield>
      <datafield tag="072" ind1=" " ind2="7">
         <subfield code="a">D</subfield>
         <subfield code="2">lcco</subfield>
      </datafield>
      <datafield tag="082" ind1="1" ind2="4">
         <subfield code="a">930</subfield>
         <subfield code="2">1</subfield>
      </datafield>
      <datafield tag="084" ind1=" " ind2=" ">
         <subfield code="a">15.34</subfield>
         <subfield code="2">bcl</subfield>
      </datafield>
      <datafield tag="245" ind1="0" ind2="0">
         <subfield code="a">Image, craft and the classical world :</subfield>
         <subfield code="b">essays in honour of Donald Bailey and Catherine Johns /</subfield>
         <subfield code="c">Nina Crummy (ed.) ; forewords by Leslie Webster and Dyfri Williams ; contributions by L. Allason-Jones [and others].</subfield>
      </datafield>
      <datafield tag="260" ind1=" " ind2=" ">
         <subfield code="a">Montagnac :</subfield>
         <subfield code="b">M. Mergoil,</subfield>
         <subfield code="c">2005.</subfield>
      </datafield>
      <datafield tag="300" ind1=" " ind2=" ">
         <subfield code="a">304 pages :</subfield>
         <subfield code="b">illustrations, maps ;</subfield>
         <subfield code="c">30 cm.</subfield>
      </datafield>
      <datafield tag="336" ind1=" " ind2=" ">
         <subfield code="a">text</subfield>
         <subfield code="b">txt</subfield>
         <subfield code="2">rdacontent</subfield>
      </datafield>
      <datafield tag="337" ind1=" " ind2=" ">
         <subfield code="a">unmediated</subfield>
         <subfield code="b">n</subfield>
         <subfield code="2">rdamedia</subfield>
      </datafield>
      <datafield tag="338" ind1=" " ind2=" ">
         <subfield code="a">volume</subfield>
         <subfield code="b">nc</subfield>
         <subfield code="2">rdacarrier</subfield>
      </datafield>
      <datafield tag="490" ind1="1" ind2=" ">
         <subfield code="a">Monographies instrumentum,</subfield>
         <subfield code="x">1278-3846 ;</subfield>
         <subfield code="v">29</subfield>
      </datafield>
      <datafield tag="546" ind1=" " ind2=" ">
         <subfield code="a">Chiefly in English; three contributions in French.</subfield>
      </datafield>
      <datafield tag="500" ind1=" " ind2=" ">
         <subfield code="a">Errata sheet inserted.</subfield>
      </datafield>
      <datafield tag="504" ind1=" " ind2=" ">
         <subfield code="a">Includes bibliographical references (pages 291-304).</subfield>
      </datafield>
      <datafield tag="505" ind1="0" ind2="0">
         <subfield code="t">'How few men have the right head on their shoulders!' /</subfield>
         <subfield code="r">by Lucilla Burn --</subfield>
         <subfield code="t">'SInging all summer and dancing all winter' : a group of lead glazed ware vessels in the British Museum /</subfield>
         <subfield code="r">by Paul Roberts --</subfield>
         <subfield code="t">The Kingdom of Kush. Urban defences and military installations /</subfield>
         <subfield code="r">by Derek A. Welsby --</subfield>
         <subfield code="t">Living in the desert: mess kits from Mons Porphyrites /</subfield>
         <subfield code="r">by Roberta Tomber --</subfield>
         <subfield code="t">Lucerna Helvetica. Les lampes découvertes ou conservées en Suisse. Un état de la question /</subfield>
         <subfield code="r">by Laurent Chrzanovski --</subfield>
         <subfield code="t">The lion and the mule: from lamps to samian /</subfield>
         <subfield code="r">by Joanna Bird --</subfield>
         <subfield code="t">Recording the loads at La Graufesenque /</subfield>
         <subfield code="r">by Geoffrey Dannell --</subfield>
         <subfield code="t">Le casque republicain de Sainte-Foy-lès Lyon et la question des casques romains surmontés d'un anneau /</subfield>
         <subfield code="r">by Michel Feugère --</subfield>
         <subfield code="t">From bracelets to battle-honours: military armillae from the Roman conquest of Britain /</subfield>
         <subfield code="r">by Nina Crummy --</subfield>
         <subfield code="t">The Tunshill Roman silver arm /</subfield>
         <subfield code="r">by Kenneth S. Painter --</subfield>
      </datafield>
      <datafield tag="505" ind1="0" ind2="0">
         <subfield code="t">The Newstead parade helmet /</subfield>
         <subfield code="r">by William Manning --</subfield>
         <subfield code="t">Roman bound captives: symbols of slavery? /</subfield>
         <subfield code="r">by Ralph Jackson --</subfield>
         <subfield code="t">Whose good luck? Roman phallic ornaments from Suffolk /</subfield>
         <subfield code="r">by Judith Plouviez --</subfield>
         <subfield code="t">'All in a day's work?' The colourless cylindrical glass cups from Stonea revisited /</subfield>
         <subfield code="r">by Jennifer Price, Ian C. Freestone and Caroline Cartwright --</subfield>
         <subfield code="t">Dedicated followers of fashion? Decorative bone hairpins from Roman London /</subfield>
         <subfield code="r">by Jenny Hall and Angela Wardle --</subfield>
         <subfield code="t">Coals to Newcastle /</subfield>
         <subfield code="r">by Lindsay Allason-Jones --</subfield>
         <subfield code="t">Carausius, Virgil and the marks RSR and INPCDA /</subfield>
         <subfield code="r">by Guy de la Bédoyère --</subfield>
         <subfield code="t">'Why are there always so many spoons?" Hoards of precious metal in late Roman Britain /</subfield>
         <subfield code="r">by Richard Hobbs --</subfield>
         <subfield code="t">The Hinton St Mary head of Christ and a coin of Magnentius /</subfield>
         <subfield code="r">by T. Sam N. Moorhead --</subfield>
      </datafield>
      <datafield tag="505" ind1="0" ind2="0">
         <subfield code="t">'A light to lighten the gentiles': witnessing change in the Roman Empire /</subfield>
         <subfield code="r">by Martin Henig --</subfield>
         <subfield code="t">Observations sur deux moules africains de lampes chrétiennes /</subfield>
         <subfield code="r">by Jean Bussière--</subfield>
         <subfield code="t">Main Street, Diospolis Inferior /</subfield>
         <subfield code="r">by Jeffrey Spencer --</subfield>
         <subfield code="t">A Roman 'House' at Mytilene /</subfield>
         <subfield code="r">by Caroline and Hector Williams --</subfield>
         <subfield code="t">After Oldcroft: a British silver pin from Welton le Wold, Lincolnshire /</subfield>
         <subfield code="r">by Susan Youngs --</subfield>
         <subfield code="t">The Faversham mounts /</subfield>
         <subfield code="r">by Angela Evans --</subfield>
         <subfield code="t">Some notes on two late-antique gold pendants in the British Museum /</subfield>
         <subfield code="r">by Christopher Entwistle --</subfield>
         <subfield code="t">The wayward history of some 'late antique' carved ivories in Philadelphia /</subfield>
         <subfield code="r">by Donald White --</subfield>
         <subfield code="t">Now we see through a glass, darkly /</subfield>
         <subfield code="r">by David Buckton --</subfield>
         <subfield code="t">Donald Bailey: bibliography --</subfield>
         <subfield code="t">Catherine Johns: bibliography.</subfield>
      </datafield>
      <datafield tag="650" ind1=" " ind2="0">
         <subfield code="a">Classical antiquities.</subfield>
      </datafield>
      <datafield tag="650" ind1=" " ind2="0">
         <subfield code="a">Handicraft</subfield>
         <subfield code="z">Mediterranean Region.</subfield>
      </datafield>
      <datafield tag="650" ind1=" " ind2="0">
         <subfield code="a">Civilization, Classical.</subfield>
      </datafield>
      <datafield tag="651" ind1=" " ind2="0">
         <subfield code="a">Rome</subfield>
         <subfield code="x">Military antiquities.</subfield>
      </datafield>
      <datafield tag="650" ind1=" " ind2="0">
         <subfield code="a">Artisans</subfield>
         <subfield code="x">Rome.</subfield>
      </datafield>
      <datafield tag="600" ind1="1" ind2="0">
         <subfield code="a">Bailey, Donald M.</subfield>
         <subfield code="v">Bibliography.</subfield>
      </datafield>
      <datafield tag="600" ind1="1" ind2="0">
         <subfield code="a">Johns, Catherine</subfield>
         <subfield code="v">Bibliography.</subfield>
      </datafield>
      <datafield tag="700" ind1="1" ind2=" ">
         <subfield code="a">Crummy, Nina.</subfield>
      </datafield>
      <datafield tag="700" ind1="1" ind2=" ">
         <subfield code="a">Bailey, Donald M.</subfield>
      </datafield>
      <datafield tag="700" ind1="1" ind2=" ">
         <subfield code="a">Johns, Catherine.</subfield>
      </datafield>
      <datafield tag="700" ind1="1" ind2=" ">
         <subfield code="a">Allason-Jones, Lindsay.</subfield>
      </datafield>
      <datafield tag="776" ind1="0" ind2="8">
         <subfield code="i">Online version:</subfield>
         <subfield code="t">Image, craft and the classical world.</subfield>
         <subfield code="d">Montagnac : M. Mergoil, 2005</subfield>
         <subfield code="w">(OCoLC)607796176</subfield>
      </datafield>
      <datafield tag="776" ind1="0" ind2="8">
         <subfield code="i">Online version:</subfield>
         <subfield code="t">Image, craft and the classical world.</subfield>
         <subfield code="d">Montagnac : M. Mergoil, 2005</subfield>
         <subfield code="w">(OCoLC)609164574</subfield>
      </datafield>
      <datafield tag="830" ind1=" " ind2="0">
         <subfield code="a">Monographies instrumentum ;</subfield>
         <subfield code="v">29.</subfield>
         <subfield code="x">1278-3846</subfield>
      </datafield>
      <datafield tag="OWN" ind1=" " ind2=" ">
         <subfield code="a">GENERAL</subfield>
      </datafield>
      <datafield tag="AVA" ind1=" " ind2=" ">
         <subfield code="a">NYU50</subfield>
         <subfield code="b">NISAW</subfield>
         <subfield code="c">Large Collection</subfield>
         <subfield code="d">NX448.5 .I53 2005</subfield>
         <subfield code="e">available</subfield>
         <subfield code="t">Available</subfield>
         <subfield code="f">1</subfield>
         <subfield code="g">0</subfield>
         <subfield code="h">N</subfield>
         <subfield code="i">0</subfield>
         <subfield code="j">LARGE</subfield>
         <subfield code="k">0</subfield>
      </datafield>
      <marc:datafield tag="852" ind1=" " ind2=" ">
         <marc:subfield code="b">Institute for the Study of the Ancient World, </marc:subfield>
         <marc:subfield code="c">Large Collection</marc:subfield>
         <marc:subfield code="e">15 East 84th St., </marc:subfield>
         <marc:subfield code="e">New York, NY  10028</marc:subfield>
      </marc:datafield>
   </record>