
  
  
  
  
  
 
  
  <record xsi:schemaLocation="http://www.loc.gov/MARC21/slim http://www.loc.gov/standards/marcxml/schema/MARC21slim.xsd">
      <leader>00000cam  2200337 a 4500</leader>
      <controlfield tag="FMT">BK</controlfield>
      <controlfield tag="LDR">00000cam  2200337 a 4500</controlfield>
      <controlfield tag="001">004196089</controlfield>
      <controlfield tag="003">OCoLC</controlfield>
      <controlfield tag="005">20151016152351.0</controlfield>
      <controlfield tag="008">151016s1964    is       b    000 0 eng d</controlfield>
      <datafield tag="035" ind1=" " ind2=" ">
         <subfield code="a">(OCoLC)637307911</subfield>
      </datafield>
      <datafield tag="040" ind1=" " ind2=" ">
         <subfield code="a">IL4J6</subfield>
         <subfield code="b">eng</subfield>
         <subfield code="c">IL4J6</subfield>
         <subfield code="d">OCLCQ</subfield>
         <subfield code="d">OCLCO</subfield>
         <subfield code="d">OCLCF</subfield>
         <subfield code="d">NNU</subfield>
      </datafield>
      <datafield tag="043" ind1=" " ind2=" ">
         <subfield code="a">aw-----</subfield>
         <subfield code="a">a-is---</subfield>
         <subfield code="a">a-iq---</subfield>
      </datafield>
      <datafield tag="050" ind1=" " ind2="4">
         <subfield code="a">DS121.65</subfield>
         <subfield code="b">.M23 1964</subfield>
      </datafield>
      <datafield tag="066" ind1=" " ind2=" ">
         <subfield code="c">(2</subfield>
      </datafield>
      <datafield tag="245" ind1="0" ind2="0">
         <subfield code="a">Ma'amad Shivat-Zion =</subfield>
         <subfield code="b">return to Zion and the 2500 anniversary of the founding of the Second Temple /</subfield>
         <subfield code="c">[compiled by H.M.I. Gevaryahu].</subfield>
      </datafield>
      <datafield tag="246" ind1="3" ind2=" ">
         <subfield code="a">Return to Zion and the 2500 anniversary of the founding of the Second Temple</subfield>
      </datafield>
      <datafield tag="260" ind1=" " ind2=" ">
         <subfield code="a">Jerusalem :</subfield>
         <subfield code="b">World Jewish Bible Society :</subfield>
         <subfield code="b">Israel Society for Biblical Reasearch :</subfield>
         <subfield code="b">In cooperation with the Dept. for Education and Culture in the Diaspora of the Jewish Agency,</subfield>
         <subfield code="c">1964.</subfield>
      </datafield>
      <datafield tag="300" ind1=" " ind2=" ">
         <subfield code="a">88 p. ;</subfield>
         <subfield code="c">24 cm</subfield>
      </datafield>
      <datafield tag="490" ind1="1" ind2=" ">
         <subfield code="6">880-01</subfield>
         <subfield code="a">Ha'ayin ("Back to the sources"). Materials for Bible study circles ;</subfield>
         <subfield code="v">no. 29</subfield>
      </datafield>
      <datafield tag="500" ind1=" " ind2=" ">
         <subfield code="a">Cover title.</subfield>
      </datafield>
      <datafield tag="500" ind1=" " ind2=" ">
         <subfield code="a">ISAW copy is from the Library of Hayim and Miriam Tadmor.</subfield>
         <subfield code="5">NNU</subfield>
      </datafield>
      <datafield tag="504" ind1=" " ind2=" ">
         <subfield code="a">Includes bibliographical references.</subfield>
      </datafield>
      <datafield tag="505" ind1="0" ind2="0">
         <subfield code="t">Return to Zion and the 2500 anniversary of the founding of the Second Temple /</subfield>
         <subfield code="r">compled by H.M.I. Gevaryahu --</subfield>
         <subfield code="t">The Babylonian exile : excerpts /</subfield>
         <subfield code="r">from the writings of Prof. Yehezkiel Kaufman --</subfield>
         <subfield code="t">Important dates in the Shivat Zion /</subfield>
         <subfield code="r">by H. Tadmor --</subfield>
         <subfield code="t">On the character of Cyrus the king /</subfield>
         <subfield code="r">by David Ben Gurion --</subfield>
         <subfield code="t">Cyrus King of Persia and his edict to the exiles /</subfield>
         <subfield code="r">by Izhak Ben Zvi --</subfield>
         <subfield code="t">Cyrus in the prophetic glass /</subfield>
         <subfield code="r">by M. Haran --</subfield>
         <subfield code="t">The attitude of "Hazal" to Cyrus /</subfield>
         <subfield code="r">by F. Melzer --</subfield>
         <subfield code="t">On Xenophon's image of Cyrus /</subfield>
         <subfield code="r">by J. Guttman --</subfield>
         <subfield code="t">Cyrus : King of Persia : vision and actuality in the Bible /</subfield>
         <subfield code="r">by M. Zerkavod.</subfield>
      </datafield>
      <datafield tag="600" ind1="0" ind2="0">
         <subfield code="a">Cyrus,</subfield>
         <subfield code="c">the Great, King of Persia,</subfield>
         <subfield code="d">-530 B.C. or 529 B.C.</subfield>
      </datafield>
      <datafield tag="610" ind1="2" ind2="0">
         <subfield code="a">Temple of Jerusalem (Jerusalem)</subfield>
      </datafield>
      <datafield tag="650" ind1=" " ind2="0">
         <subfield code="a">Jews</subfield>
         <subfield code="x">History</subfield>
         <subfield code="y">Babylonian captivity, 598-515 B.C.</subfield>
      </datafield>
      <datafield tag="650" ind1=" " ind2="0">
         <subfield code="a">Jews</subfield>
         <subfield code="x">History</subfield>
         <subfield code="y">586 B.C.-70 A.D.</subfield>
      </datafield>
      <datafield tag="600" ind1="0" ind2="7">
         <subfield code="a">Cyrus,</subfield>
         <subfield code="c">the Great, King of Persia,</subfield>
         <subfield code="d">-530 B.C. or 529 B.C.</subfield>
         <subfield code="2">fast</subfield>
         <subfield code="0">(OCoLC)fst01814703.</subfield>
      </datafield>
      <datafield tag="610" ind1="2" ind2="7">
         <subfield code="a">Temple of Jerusalem (Jerusalem)</subfield>
         <subfield code="2">fast</subfield>
         <subfield code="0">(OCoLC)fst00630855.</subfield>
      </datafield>
      <datafield tag="796" ind1="1" ind2=" ">
         <subfield code="a">Tadmor, Hayim,</subfield>
         <subfield code="e">former owner.</subfield>
      </datafield>
      <datafield tag="796" ind1="1" ind2=" ">
         <subfield code="a">Tadmor, Miriam,</subfield>
         <subfield code="e">former owner.</subfield>
      </datafield>
      <datafield tag="797" ind1="2" ind2=" ">
         <subfield code="a">Tadmor Collection.</subfield>
      </datafield>
      <datafield tag="700" ind1="1" ind2=" ">
         <subfield code="a">Gevaryahu, Hayyim Moshe Izhaq.</subfield>
      </datafield>
      <datafield tag="880" ind1="1" ind2=" ">
         <subfield code="6">490-01/</subfield>
         <subfield code="a">העין ("Back to the sources"). Materials for Bible study circles ;</subfield>
         <subfield code="v">no. 29</subfield>
      </datafield>
      <datafield tag="830" ind1=" " ind2="0">
         <subfield code="a">Haʻayin ;</subfield>
         <subfield code="v">no. 39.</subfield>
      </datafield>
      <datafield tag="994" ind1=" " ind2=" ">
         <subfield code="a">Z0</subfield>
         <subfield code="b">ZYU</subfield>
      </datafield>
      <datafield tag="OWN" ind1=" " ind2=" ">
         <subfield code="a">GENERAL</subfield>
      </datafield>
      <datafield tag="AVA" ind1=" " ind2=" ">
         <subfield code="a">NYU50</subfield>
         <subfield code="b">NISAW</subfield>
         <subfield code="c">Small Collection</subfield>
         <subfield code="d">DS121.65 .M23 1964</subfield>
         <subfield code="e">available</subfield>
         <subfield code="t">Available</subfield>
         <subfield code="f">1</subfield>
         <subfield code="g">0</subfield>
         <subfield code="h">N</subfield>
         <subfield code="i">0</subfield>
         <subfield code="j">SMALL</subfield>
         <subfield code="k">0</subfield>
      </datafield>
      <marc:datafield tag="852" ind1=" " ind2=" ">
         <marc:subfield code="b">Institute for the Study of the Ancient World, </marc:subfield>
         <marc:subfield code="c">Small Collection</marc:subfield>
         <marc:subfield code="e">15 East 84th St., </marc:subfield>
         <marc:subfield code="e">New York, NY  10028</marc:subfield>
      </marc:datafield>
   </record>