
  
  
  
  
 
  
  <record xsi:schemaLocation="http://www.loc.gov/MARC21/slim http://www.loc.gov/standards/marcxml/schema/MARC21slim.xsd">
      <leader>00000cam  2200481 i 4500</leader>
      <controlfield tag="FMT">BK</controlfield>
      <controlfield tag="LDR">00000cam  2200481 i 4500</controlfield>
      <controlfield tag="001">004197013</controlfield>
      <controlfield tag="003">OCoLC</controlfield>
      <controlfield tag="005">20151019152411.0</controlfield>
      <controlfield tag="008">151019s2012    nbuab    b    001 0 eng d</controlfield>
      <datafield tag="016" ind1="7" ind2=" ">
         <subfield code="a">016193975</subfield>
         <subfield code="2">Uk</subfield>
      </datafield>
      <datafield tag="020" ind1=" " ind2=" ">
         <subfield code="a">9780902668249</subfield>
         <subfield code="q">hbk.</subfield>
      </datafield>
      <datafield tag="020" ind1=" " ind2=" ">
         <subfield code="a">9780902668256</subfield>
         <subfield code="q">pbk.</subfield>
      </datafield>
      <datafield tag="020" ind1=" " ind2=" ">
         <subfield code="a">0902668250</subfield>
      </datafield>
      <datafield tag="035" ind1=" " ind2=" ">
         <subfield code="a">(OCoLC)819680786</subfield>
      </datafield>
      <datafield tag="040" ind1=" " ind2=" ">
         <subfield code="a">UKBRU</subfield>
         <subfield code="b">eng</subfield>
         <subfield code="c">UKBRU</subfield>
         <subfield code="d">OCLCQ</subfield>
         <subfield code="d">EUM</subfield>
         <subfield code="d">UKMGB</subfield>
         <subfield code="d">HLS</subfield>
         <subfield code="d">YDXCP</subfield>
         <subfield code="d">NLE</subfield>
         <subfield code="d">OCLCF</subfield>
         <subfield code="d">OCLCO</subfield>
         <subfield code="d">OCLCQ</subfield>
         <subfield code="d">NNU</subfield>
      </datafield>
      <datafield tag="043" ind1=" " ind2=" ">
         <subfield code="a">e-uk-en</subfield>
      </datafield>
      <datafield tag="050" ind1=" " ind2="4">
         <subfield code="a">DA670.L7</subfield>
         <subfield code="b">G74 2012</subfield>
      </datafield>
      <datafield tag="082" ind1="0" ind2="4">
         <subfield code="a">942.53</subfield>
         <subfield code="2">23</subfield>
      </datafield>
      <datafield tag="084" ind1=" " ind2=" ">
         <subfield code="a">MWR4</subfield>
         <subfield code="2">bliss</subfield>
      </datafield>
      <datafield tag="100" ind1="1" ind2=" ">
         <subfield code="a">Green, Thomas.</subfield>
      </datafield>
      <datafield tag="245" ind1="1" ind2="0">
         <subfield code="a">Britons and Anglo-Saxons :</subfield>
         <subfield code="b">Lincolnshire AD 400-650 /</subfield>
         <subfield code="c">Thomas Green.</subfield>
      </datafield>
      <datafield tag="264" ind1=" " ind2="1">
         <subfield code="a">Lincoln :</subfield>
         <subfield code="b">History of Lincolnshire Committee,</subfield>
         <subfield code="c">2012.</subfield>
      </datafield>
      <datafield tag="300" ind1=" " ind2=" ">
         <subfield code="a">xvi, 320 pages :</subfield>
         <subfield code="b">black-and-white illustrations, black-and-white maps ;</subfield>
         <subfield code="c">23 cm.</subfield>
      </datafield>
      <datafield tag="336" ind1=" " ind2=" ">
         <subfield code="a">text</subfield>
         <subfield code="b">txt</subfield>
         <subfield code="2">rdacontent</subfield>
      </datafield>
      <datafield tag="337" ind1=" " ind2=" ">
         <subfield code="a">unmediated</subfield>
         <subfield code="b">n</subfield>
         <subfield code="2">rdamedia</subfield>
      </datafield>
      <datafield tag="490" ind1="1" ind2=" ">
         <subfield code="a">Studies in the history of Lincolnshire ;</subfield>
         <subfield code="v">3</subfield>
      </datafield>
      <datafield tag="504" ind1=" " ind2=" ">
         <subfield code="a">Includes bibliographical references (pages [284]-309) and index.</subfield>
      </datafield>
      <datafield tag="650" ind1=" " ind2="0">
         <subfield code="a">Britons</subfield>
         <subfield code="z">England</subfield>
         <subfield code="z">Lincolnshire.</subfield>
      </datafield>
      <datafield tag="650" ind1=" " ind2="0">
         <subfield code="a">Anglo-Saxons</subfield>
         <subfield code="z">England</subfield>
         <subfield code="z">Lincolnshire.</subfield>
      </datafield>
      <datafield tag="650" ind1=" " ind2="0">
         <subfield code="a">Land settlement</subfield>
         <subfield code="z">England</subfield>
         <subfield code="z">Lincolnshire</subfield>
         <subfield code="x">History</subfield>
         <subfield code="y">To 1500.</subfield>
      </datafield>
      <datafield tag="651" ind1=" " ind2="0">
         <subfield code="a">Lincolnshire (England)</subfield>
         <subfield code="x">History</subfield>
         <subfield code="y">To 1500.</subfield>
      </datafield>
      <datafield tag="651" ind1=" " ind2="0">
         <subfield code="a">Lincolnshire (England)</subfield>
         <subfield code="x">Antiquities.</subfield>
      </datafield>
      <datafield tag="650" ind1=" " ind2="7">
         <subfield code="a">Anglo-Saxons.</subfield>
         <subfield code="2">fast</subfield>
         <subfield code="0">(OCoLC)fst00808980.</subfield>
      </datafield>
      <datafield tag="650" ind1=" " ind2="7">
         <subfield code="a">Antiquities.</subfield>
         <subfield code="2">fast</subfield>
         <subfield code="0">(OCoLC)fst00810745.</subfield>
      </datafield>
      <datafield tag="650" ind1=" " ind2="7">
         <subfield code="a">Britons.</subfield>
         <subfield code="2">fast</subfield>
         <subfield code="0">(OCoLC)fst00839101.</subfield>
      </datafield>
      <datafield tag="650" ind1=" " ind2="7">
         <subfield code="a">Land settlement.</subfield>
         <subfield code="2">fast</subfield>
         <subfield code="0">(OCoLC)fst00991305.</subfield>
      </datafield>
      <datafield tag="651" ind1=" " ind2="7">
         <subfield code="a">England</subfield>
         <subfield code="z">Lincolnshire.</subfield>
         <subfield code="2">fast</subfield>
         <subfield code="0">(OCoLC)fst01206400.</subfield>
      </datafield>
      <datafield tag="648" ind1=" " ind2="7">
         <subfield code="a">To 1500</subfield>
         <subfield code="2">fast.</subfield>
      </datafield>
      <datafield tag="655" ind1=" " ind2="7">
         <subfield code="a">History.</subfield>
         <subfield code="2">fast</subfield>
         <subfield code="0">(OCoLC)fst01411628.</subfield>
      </datafield>
      <datafield tag="830" ind1=" " ind2="0">
         <subfield code="a">Studies in the history of Lincolnshire ;</subfield>
         <subfield code="v">3.</subfield>
      </datafield>
      <datafield tag="994" ind1=" " ind2=" ">
         <subfield code="a">Z0</subfield>
         <subfield code="b">ZYU</subfield>
      </datafield>
      <datafield tag="OWN" ind1=" " ind2=" ">
         <subfield code="a">GENERAL</subfield>
      </datafield>
      <datafield tag="AVA" ind1=" " ind2=" ">
         <subfield code="a">NYU50</subfield>
         <subfield code="b">NISAW</subfield>
         <subfield code="c">Small Collection</subfield>
         <subfield code="d">DA670.L7 G74 2012</subfield>
         <subfield code="e">available</subfield>
         <subfield code="t">Available</subfield>
         <subfield code="f">1</subfield>
         <subfield code="g">0</subfield>
         <subfield code="h">N</subfield>
         <subfield code="i">0</subfield>
         <subfield code="j">SMALL</subfield>
         <subfield code="k">0</subfield>
      </datafield>
      <marc:datafield tag="852" ind1=" " ind2=" ">
         <marc:subfield code="b">Institute for the Study of the Ancient World, </marc:subfield>
         <marc:subfield code="c">Small Collection</marc:subfield>
         <marc:subfield code="e">15 East 84th St., </marc:subfield>
         <marc:subfield code="e">New York, NY  10028</marc:subfield>
      </marc:datafield>
   </record>