
  
  
  
  
  
 
  
  <record xsi:schemaLocation="http://www.loc.gov/MARC21/slim http://www.loc.gov/standards/marcxml/schema/MARC21slim.xsd">
      <leader>00000cam a22      a 4500</leader>
      <controlfield tag="FMT">BK</controlfield>
      <controlfield tag="LDR">00000cam a22      a 4500</controlfield>
      <controlfield tag="001">004197529</controlfield>
      <controlfield tag="005">20151020164625.0</controlfield>
      <controlfield tag="008">151020s2012    fr ab    b    100 0 fre d</controlfield>
      <datafield tag="020" ind1=" " ind2=" ">
         <subfield code="a">9782355180330</subfield>
      </datafield>
      <datafield tag="020" ind1=" " ind2=" ">
         <subfield code="a">2355180334</subfield>
      </datafield>
      <datafield tag="035" ind1=" " ind2=" ">
         <subfield code="a">(OCoLC)830851068</subfield>
      </datafield>
      <datafield tag="040" ind1=" " ind2=" ">
         <subfield code="a">TXA</subfield>
         <subfield code="b">eng</subfield>
         <subfield code="c">TXA</subfield>
         <subfield code="d">C3L</subfield>
         <subfield code="d">AUXAM</subfield>
         <subfield code="d">OCLCF</subfield>
         <subfield code="d">HEBIS</subfield>
         <subfield code="d">OCLCQ</subfield>
         <subfield code="d">OCL</subfield>
         <subfield code="d">NNU</subfield>
      </datafield>
      <datafield tag="041" ind1="0" ind2=" ">
         <subfield code="a">fre</subfield>
         <subfield code="a">ger</subfield>
         <subfield code="a">ita</subfield>
         <subfield code="a">eng</subfield>
      </datafield>
      <datafield tag="050" ind1=" " ind2="4">
         <subfield code="a">NK4680</subfield>
         <subfield code="b">.C65 2009</subfield>
      </datafield>
      <datafield tag="082" ind1="0" ind2="4">
         <subfield code="a">738</subfield>
         <subfield code="2">21</subfield>
      </datafield>
      <datafield tag="111" ind1="2" ind2=" ">
         <subfield code="a">Congrès international d'études sur le luminaire antique</subfield>
         <subfield code="n">(3rd :</subfield>
         <subfield code="d">2009 :</subfield>
         <subfield code="c">Université d'Heidelberg)</subfield>
      </datafield>
      <datafield tag="245" ind1="1" ind2="3">
         <subfield code="a">Le luminaire antique :</subfield>
         <subfield code="b">lychnological acts 3 : actes du 3e Congrès International d'études de l'ILA, Université d'Heidelberg, 21-26. IX. 2009 /</subfield>
         <subfield code="c">sous la direction de L. Chrzanovski.</subfield>
      </datafield>
      <datafield tag="246" ind1="1" ind2="0">
         <subfield code="a">Lychnological acts 3</subfield>
      </datafield>
      <datafield tag="260" ind1=" " ind2=" ">
         <subfield code="a">Montagnac :</subfield>
         <subfield code="b">Editions Monique Mergoil,</subfield>
         <subfield code="c">2012.</subfield>
      </datafield>
      <datafield tag="300" ind1=" " ind2=" ">
         <subfield code="a">372 pages :</subfield>
         <subfield code="b">illustrations, maps ;</subfield>
         <subfield code="c">30 cm.</subfield>
      </datafield>
      <datafield tag="336" ind1=" " ind2=" ">
         <subfield code="a">text</subfield>
         <subfield code="b">txt</subfield>
         <subfield code="2">rdacontent</subfield>
      </datafield>
      <datafield tag="337" ind1=" " ind2=" ">
         <subfield code="a">unmediated</subfield>
         <subfield code="b">n</subfield>
         <subfield code="2">rdamedia</subfield>
      </datafield>
      <datafield tag="338" ind1=" " ind2=" ">
         <subfield code="a">volume</subfield>
         <subfield code="b">nc</subfield>
         <subfield code="2">rdacarrier</subfield>
      </datafield>
      <datafield tag="490" ind1="1" ind2=" ">
         <subfield code="a">Monographies instrumentum,</subfield>
         <subfield code="x">1278-3846 ;</subfield>
         <subfield code="v">44</subfield>
      </datafield>
      <datafield tag="546" ind1=" " ind2=" ">
         <subfield code="a">Papers in French, German, Italian or English.</subfield>
      </datafield>
      <datafield tag="504" ind1=" " ind2=" ">
         <subfield code="a">Includes bibliographical references.</subfield>
      </datafield>
      <datafield tag="505" ind1="0" ind2="0">
         <subfield code="t">Avant-propos /</subfield>
         <subfield code="r">Laurent Chrzanovski --</subfield>
         <subfield code="t">Großwort anlässlich der Eröffnung des 3. Kongresses der International Lychnological Association in der Alten Aula der Universität /</subfield>
         <subfield code="r">Eckart Würzner --</subfield>
         <subfield code="t">Die römischen Firmalampen aus dem Municipium Claudium Aguntum /</subfield>
         <subfield code="r">Martin Auer --</subfield>
         <subfield code="t">Die lokale Lampenproduktion in Dakien zwischen Kunst und Imitation /</subfield>
         <subfield code="r">Doina Benea --</subfield>
         <subfield code="t">Firmalampen found in the roman fort of Slăveni, Olt County, Romania /</subfield>
         <subfield code="r">Dorel Bondoc --</subfield>
         <subfield code="t">Nuovi ritrovamenti di lucerne romane ad Aquileia (Italia) /</subfield>
         <subfield code="r">Jacopo Bonetto, Diana Dobreva --</subfield>
         <subfield code="t">Brenndauer und Rußentwicklung von antiken Lampenölen - eine Versuchsreihe /</subfield>
         <subfield code="r">Manuela Broisch --</subfield>
         <subfield code="t">Production et circulation des lampes tardives d'Algerie /</subfield>
         <subfield code="r">Jean Bussière --</subfield>
         <subfield code="t">Qui était Quintus Cupidus?</subfield>
         <subfield code="r">Jean Bussière --</subfield>
         <subfield code="t">Forme di iluminazione nella villa tardoantica di Aiano-Torraccia di Chiusi (Siena, Italia) /</subfield>
         <subfield code="r">Marco Cavalieri, Gloriana Pace --</subfield>
      </datafield>
      <datafield tag="505" ind1="0" ind2="0">
         <subfield code="t">Importazioni e imitazioni di lucerne fittili tardoantiche a Egnatia: archeologia e archeometria /</subfield>
         <subfield code="r">Custode Silvio Fioriello, Annarosa Mangone --</subfield>
         <subfield code="t">Repertorio morfologico e iconografico delle lucerne tardoantiche nel contesto dell'Apulia: casi di studio /</subfield>
         <subfield code="r">Custode Silvio Fioriello --</subfield>
         <subfield code="t">Select lamps from the late Roman fountain of the lamps in ancient Corinth, Greece /</subfield>
         <subfield code="r">Karen Garnett --</subfield>
         <subfield code="t">Motives on the oil lamps in Poetovio /</subfield>
         <subfield code="r">Mojca Vomer Gojkovič --</subfield>
         <subfield code="t">Una produzione "elenistica" in Norditalia: imitazioni di Herzblattlampen pegamene /</subfield>
         <subfield code="r">Elisa Grassi, Chiara Mandelli --</subfield>
         <subfield code="t">Roman lamps from Heidelberg: evidence for an energy crisis /</subfield>
         <subfield code="r">Andreas Hensen --</subfield>
         <subfield code="t">Staatsallegorie oder Technikstolz? Anmerkungen zu Schiffsdarstellungen auf römischen Lampen /</subfield>
         <subfield code="r">Marcus Heinrich Hermanns --</subfield>
         <subfield code="t">Mould-made grey lamps with floral decorations /</subfield>
         <subfield code="r">Malka Hershkovitz --</subfield>
      </datafield>
      <datafield tag="505" ind1="0" ind2="0">
         <subfield code="t">Lampen vom Dülük Baba Tepesi / Doliche (TR) /</subfield>
         <subfield code="r">Constanze Höpken, Eva Strothenke --</subfield>
         <subfield code="t">The light in the byzantine church /</subfield>
         <subfield code="r">Ioannis Iliades --</subfield>
         <subfield code="t">Lampen aud Pydna: Importe, Nachahmungenund und lokale Produktion in spätklassischer und frühhellenistischer Zeit /</subfield>
         <subfield code="r">Zoi Kotitsa --</subfield>
         <subfield code="t">Les lampes en terre cuite découvertes dans l'Agora et les Thermes d'Argos, Campagnes de fouilles 1972-1991. Quelques résultats significatifs /</subfield>
         <subfield code="r">Lambrini Koutoussaki --</subfield>
         <subfield code="t">Produzione e diffusione delle lucerne africane tardoantiche nell'insediamento rurale di Masseria Seppannibale Grande (Fasano-BR) /</subfield>
         <subfield code="r">Ruggero G. Lombardi --</subfield>
         <subfield code="t">A North African lamp showing a woman with a transport amphora /</subfield>
         <subfield code="r">John Lund --</subfield>
         <subfield code="t">Wie dicht warren Tonlampen? Eine Versuchsbeschreibung /</subfield>
         <subfield code="r">Nadja Melko --</subfield>
         <subfield code="t">A lamp production center in Western Anatolia: local production and imitation of Cibyra /</subfield>
         <subfield code="r">Hüseyin Metin --</subfield>
         <subfield code="t">Ohne Textilien kein Licht! Untersuchungen zu römischen Lampendochten /</subfield>
         <subfield code="r">Sylvia Mitschke, Sabine Leih, Petra Becker, Ronny Meijers, Annette Paetz, gen. Schieck --</subfield>
         <subfield code="t">Tourches as lighting devices in Byzantium /</subfield>
         <subfield code="r">Ioannis Motsianos --</subfield>
      </datafield>
      <datafield tag="505" ind1="0" ind2="0">
         <subfield code="t">Some intriguing metal lighting device in Museum of Byzantine Culture: their interpretation and their analysis with x-ray fluorescence (XRF) /</subfield>
         <subfield code="r">Ioannis Motsianos, Ioannis Nazlis --</subfield>
         <subfield code="t">Roman lamps from Poşta (Moesia Inferior) /</subfield>
         <subfield code="r">Dorel Paraschiv, George Nutu --</subfield>
         <subfield code="t">Creation et imitation dans le luminaire isiaque /</subfield>
         <subfield code="r">Jean-Louis Podvin --</subfield>
         <subfield code="t">Das Fallbeispiel Helmlampe Zu einer Sonderform römischer Lampen /</subfield>
         <subfield code="r">Jutta Ronke --</subfield>
         <subfield code="t">Lamps from Tel Dor (Dora) - local production and Egyptian iconographic influence /</subfield>
         <subfield code="r">Renate Rosenthal-Heginbottom --</subfield>
         <subfield code="t">Die Sammlung römischer Lampen im Tiroler Landesmuseum Ferdinandeum /</subfield>
         <subfield code="r">Verena Schmacher --</subfield>
      </datafield>
      <datafield tag="505" ind1="0" ind2="0">
         <subfield code="t">Innovation oder Imitation -zur Ursprungsfrage von Beleuchtungsgeräteständern /</subfield>
         <subfield code="r">Yvonne Seidel --</subfield>
         <subfield code="t">Kallimachos' golden lamp /</subfield>
         <subfield code="r">Reinhard Stupperich --</subfield>
         <subfield code="t">Lamps at ancient Stymphalos /</subfield>
         <subfield code="r">Hector Williams --</subfield>
         <subfield code="t">Dieux, déesses et scènes mythologiques sur les lampes du Musée de Louvain-la-Neuve (Belgique) /</subfield>
         <subfield code="r">Laurent Wilmet --</subfield>
         <subfield code="t">Ancient Corinth: lamps, sculpture and travel /</subfield>
         <subfield code="r">Birgitta Lindros Wohl --</subfield>
         <subfield code="t">Bosporan hellenistic "jug-shaped" lamps /</subfield>
         <subfield code="r">Denis Zhuravlev.</subfield>
      </datafield>
      <datafield tag="650" ind1=" " ind2="0">
         <subfield code="a">Lamps, Ancient</subfield>
         <subfield code="v">Congresses.</subfield>
      </datafield>
      <datafield tag="700" ind1="1" ind2=" ">
         <subfield code="a">Chrzanovski, Laurent.</subfield>
      </datafield>
      <datafield tag="710" ind1="2" ind2=" ">
         <subfield code="a">International Lychnological Association.</subfield>
      </datafield>
      <datafield tag="830" ind1=" " ind2="0">
         <subfield code="a">Monographies instrumentum ;</subfield>
         <subfield code="v">44.</subfield>
      </datafield>
      <datafield tag="OWN" ind1=" " ind2=" ">
         <subfield code="a">GENERAL</subfield>
      </datafield>
      <datafield tag="AVA" ind1=" " ind2=" ">
         <subfield code="a">NYU50</subfield>
         <subfield code="b">NISAW</subfield>
         <subfield code="c">Large Collection</subfield>
         <subfield code="d">NK4680 .C65 2009</subfield>
         <subfield code="e">available</subfield>
         <subfield code="t">Available</subfield>
         <subfield code="f">1</subfield>
         <subfield code="g">0</subfield>
         <subfield code="h">N</subfield>
         <subfield code="i">0</subfield>
         <subfield code="j">LARGE</subfield>
         <subfield code="k">0</subfield>
      </datafield>
      <marc:datafield tag="852" ind1=" " ind2=" ">
         <marc:subfield code="b">Institute for the Study of the Ancient World, </marc:subfield>
         <marc:subfield code="c">Large Collection</marc:subfield>
         <marc:subfield code="e">15 East 84th St., </marc:subfield>
         <marc:subfield code="e">New York, NY  10028</marc:subfield>
      </marc:datafield>
   </record>