
  
  
  
  
  
 
  
  <record xsi:schemaLocation="http://www.loc.gov/MARC21/slim http://www.loc.gov/standards/marcxml/schema/MARC21slim.xsd">
      <leader>00000cam  2200661 i 4500</leader>
      <controlfield tag="FMT">BK</controlfield>
      <controlfield tag="LDR">00000cam  2200661 i 4500</controlfield>
      <controlfield tag="001">004197475</controlfield>
      <controlfield tag="003">OCoLC</controlfield>
      <controlfield tag="005">20151020104027.0</controlfield>
      <controlfield tag="008">151020s2014    au       b    101 0 eng d</controlfield>
      <datafield tag="016" ind1="7" ind2=" ">
         <subfield code="a">1064890873</subfield>
         <subfield code="2">GyFmDB</subfield>
      </datafield>
      <datafield tag="016" ind1="7" ind2=" ">
         <subfield code="a">1064890873</subfield>
         <subfield code="2">DE-101</subfield>
      </datafield>
      <datafield tag="020" ind1=" " ind2=" ">
         <subfield code="a">9783700177487 (pbk.)</subfield>
      </datafield>
      <datafield tag="020" ind1=" " ind2=" ">
         <subfield code="a">3700177488 (pbk.)</subfield>
      </datafield>
      <datafield tag="035" ind1=" " ind2=" ">
         <subfield code="a">(OCoLC)902615721</subfield>
         <subfield code="z">(OCoLC)904183605</subfield>
      </datafield>
      <datafield tag="040" ind1=" " ind2=" ">
         <subfield code="a">OHX</subfield>
         <subfield code="b">eng</subfield>
         <subfield code="e">rda</subfield>
         <subfield code="c">OHX</subfield>
         <subfield code="d">OCLCO</subfield>
         <subfield code="d">IXA</subfield>
         <subfield code="d">COO</subfield>
         <subfield code="d">ZCU</subfield>
         <subfield code="d">OCLCF</subfield>
         <subfield code="d">YDXCP</subfield>
         <subfield code="d">BTCTA</subfield>
         <subfield code="d">OCL</subfield>
         <subfield code="d">OCLCO</subfield>
         <subfield code="d">NNU</subfield>
      </datafield>
      <datafield tag="041" ind1="0" ind2=" ">
         <subfield code="a">ger</subfield>
         <subfield code="a">eng</subfield>
         <subfield code="a">fre</subfield>
         <subfield code="a">ita</subfield>
      </datafield>
      <datafield tag="043" ind1=" " ind2=" ">
         <subfield code="a">e-gr---</subfield>
      </datafield>
      <datafield tag="050" ind1=" " ind2="4">
         <subfield code="a">KL4106.5</subfield>
         <subfield code="b">.G47 2013</subfield>
      </datafield>
      <datafield tag="072" ind1=" " ind2="7">
         <subfield code="a">K</subfield>
         <subfield code="2">lcco</subfield>
      </datafield>
      <datafield tag="110" ind1="2" ind2=" ">
         <subfield code="a">Gesellschaft für Griechische und Hellenistische Rechtsgeschichte.</subfield>
         <subfield code="b">Symposion</subfield>
         <subfield code="n">(19th :</subfield>
         <subfield code="d">2013 :</subfield>
         <subfield code="c">Cambridge, MA)</subfield>
      </datafield>
      <datafield tag="245" ind1="1" ind2="0">
         <subfield code="a">Symposion 2013 :</subfield>
         <subfield code="b">papers on Greek and Hellenistic legal history (Cambridge MA, August 26-29, 2013) = Vorträge zur griechischen und hellenistischen Rechtsgeschichte (Cambridge MA, 26.-29. August 2013) /</subfield>
         <subfield code="c">edited by/herausgegeben von Michael Gagarin, Adriaan Lanni ; Österreichische Akademie der Wissenschaften, Philosophisch-historische Klasse, Documenta antiqua - antike Rechtsgeschichte.</subfield>
      </datafield>
      <datafield tag="264" ind1=" " ind2="1">
         <subfield code="a">Wien :</subfield>
         <subfield code="b">Verlag der Österreichischen Akademie der Wissenschaften,</subfield>
         <subfield code="c">2014.</subfield>
      </datafield>
      <datafield tag="300" ind1=" " ind2=" ">
         <subfield code="a">vii, 511 p. ;</subfield>
         <subfield code="c">24 cm.</subfield>
      </datafield>
      <datafield tag="336" ind1=" " ind2=" ">
         <subfield code="a">text</subfield>
         <subfield code="b">txt</subfield>
         <subfield code="2">rdacontent</subfield>
      </datafield>
      <datafield tag="337" ind1=" " ind2=" ">
         <subfield code="a">unmediated</subfield>
         <subfield code="b">n</subfield>
         <subfield code="2">rdamedia</subfield>
      </datafield>
      <datafield tag="338" ind1=" " ind2=" ">
         <subfield code="a">volume</subfield>
         <subfield code="b">nc</subfield>
         <subfield code="2">rdacarrier</subfield>
      </datafield>
      <datafield tag="490" ind1="1" ind2=" ">
         <subfield code="a">Akten der Gesellschaft für Griechische und Hellenistische Rechtsgeschichte,</subfield>
         <subfield code="x">0340-3149 ;</subfield>
         <subfield code="v">Band 24</subfield>
      </datafield>
      <datafield tag="500" ind1=" " ind2=" ">
         <subfield code="a">International conference proceedings.</subfield>
      </datafield>
      <datafield tag="500" ind1=" " ind2=" ">
         <subfield code="a">Academy publication.</subfield>
      </datafield>
      <datafield tag="546" ind1=" " ind2=" ">
         <subfield code="a">Contributions in German, English, French, Italian.</subfield>
      </datafield>
      <datafield tag="504" ind1=" " ind2=" ">
         <subfield code="a">Includes bibliographical references and index.</subfield>
      </datafield>
      <datafield tag="505" ind1="0" ind2="0">
         <subfield code="t">Die Rechte der Götter /</subfield>
         <subfield code="r">Martin Dreher --</subfield>
         <subfield code="t">Geldverwahrung bei Artemis, Sklavenverkauf an Apollo : Überlegungen zur Funktion der Einbindung von Göttern in den privatrechtlichen Verkehr : Antwort auf Martin Dreher /</subfield>
         <subfield code="r">Philipp Scheibelreiter --</subfield>
         <subfield code="t">Abortion in Ancient Greece /</subfield>
         <subfield code="r">Laura Pepe --</subfield>
         <subfield code="t">Avortement et infanticide dans l’Égypte hellénistique : Transferts de droits et traditions grecques : Réponse à Laura Pepe /</subfield>
         <subfield code="r">Bernard Legras --</subfield>
         <subfield code="t">Hubris and the Unity of Greek Law /</subfield>
         <subfield code="r">David D. Phillips --</subfield>
         <subfield code="t">The Need for Comparative Law in the Search for Greek Legal Unity : A Response to David Phillips /</subfield>
         <subfield code="r">Adriaan Lanni --</subfield>
         <subfield code="t">Councils of Elders and Aristocratic Government in the Cretan Poleis /</subfield>
         <subfield code="r">Maria Youni --</subfield>
         <subfield code="t">Il consiglio degli Anziani e le istituzioni politiche delle città cretesi : Risposta a Maria Youni /</subfield>
         <subfield code="r">Alberto Maffi --</subfield>
         <subfield code="t">Rhetoric as a Source of Law in Athens /</subfield>
         <subfield code="r">Michael Gagarin --</subfield>
         <subfield code="t">Telling Stories about Athenian Law: A Response to Michael Gagarin /</subfield>
         <subfield code="r">S. C. Todd --</subfield>
         <subfield code="t">The Athenian Legal System and its Public Aspects /</subfield>
         <subfield code="r">Werner Riess --</subfield>
         <subfield code="t">Spectators and Publicity in the Athenian Legal System : A Response to Werner Riess /</subfield>
         <subfield code="r">Victor Bers --</subfield>
         <subfield code="t">La legge sulla [homologia] e i vizi della volontà nei contratti in diritto ateniese /</subfield>
         <subfield code="r">Lorenzo Gagliardi --</subfield>
         <subfield code="t">Did Athens have Consensual Contracts? A Response to Lorenzo Gagliardi /</subfield>
         <subfield code="r">Robert W. Wallace --</subfield>
         <subfield code="t">Secured Credit in Athens: Reopening the Debate /</subfield>
         <subfield code="r">Mark J. Sundahl --</subfield>
         <subfield code="t">Ownership and Secured Credit in Athens : A Response to Mark J. Sundahl /</subfield>
         <subfield code="r">Gerhard Thür --</subfield>
         <subfield code="t">[Akyron hestō] : Legal Invalidity in Greek Inscriptions /</subfield>
         <subfield code="r">Athina Dimopoulou --</subfield>
         <subfield code="t">Private Agreements Purporting to Override Polis Law : A Response to Athina Dimopoulou /</subfield>
         <subfield code="r">Edward E. Cohen --</subfield>
      </datafield>
      <datafield tag="505" ind1="8" ind2="0">
         <subfield code="t">L’aliénation de biens-fonds publics et sacrés dans les cités grecques aux périodes classique et hellénistique /</subfield>
         <subfield code="r">Léopold Migeotte --</subfield>
         <subfield code="t">Alienation of Public and Sacred Landed Properties in Greek Cities : A Response to Léopold Migeotte /</subfield>
         <subfield code="r">Michele Faraguna --</subfield>
         <subfield code="t">Auctions and Ownership in Ptolemaic Egypt : A Social and Economic Approach /</subfield>
         <subfield code="r">Eva Jakab --</subfield>
         <subfield code="t">Public Sales and Property Rights : A Response to Eva Jakab /</subfield>
         <subfield code="r">Julie Velissaropoulos --</subfield>
         <subfield code="t">The Ptolemaic Dikasterion /</subfield>
         <subfield code="r">Nadine Grotkamp --</subfield>
         <subfield code="t">Dikasteria : A Panhellenic Project? A Response to Nadine Grotkamp /</subfield>
         <subfield code="r">Joseph Mélèze Modrzejewski --</subfield>
         <subfield code="t">Decrees for Foreign Judges : Judging Conventions—or Epigraphic Habits? /</subfield>
         <subfield code="r">Adele Scafuro --</subfield>
         <subfield code="t">“Decrees for Foreign Judges: Judging Conventions—or Epigraphic Habits?” A Response to Adele Scafuro /</subfield>
         <subfield code="r">Eva Cantarella --</subfield>
         <subfield code="t">Die bilinguen Prozessprotokolle und die Reform der Amtsjournale im spätantiken Ägypten /</subfield>
         <subfield code="r">Bernhard Palme --</subfield>
         <subfield code="t">The Genesis of Byzantine Bilingual Reports of Proceedings : A Response to Bernhard Palme /</subfield>
         <subfield code="r">Uri Yiftach-Firanko --</subfield>
         <subfield code="t">Rechtshistorische Überlegungen zu Dio Chrysostomus’ Rede an die Rhodier /</subfield>
         <subfield code="r">Kaja Harter-Uibopuu --</subfield>
         <subfield code="t">Law in Dio Chrysostomus’ Rhodian Oration : A Response to Kaja Harter-Uibopuu /</subfield>
         <subfield code="r">Delfim F. Leão.</subfield>
      </datafield>
      <datafield tag="650" ind1=" " ind2="0">
         <subfield code="a">Law, Greek</subfield>
         <subfield code="v">Congresses.</subfield>
      </datafield>
      <datafield tag="650" ind1=" " ind2="7">
         <subfield code="a">Law, Greek.</subfield>
         <subfield code="2">fast</subfield>
         <subfield code="0">(OCoLC)fst00994212.</subfield>
      </datafield>
      <datafield tag="650" ind1=" " ind2="7">
         <subfield code="a">Roman law.</subfield>
         <subfield code="2">fast</subfield>
         <subfield code="0">(OCoLC)fst01099759.</subfield>
      </datafield>
      <datafield tag="653" ind1=" " ind2=" ">
         <subfield code="a">(Produktform)Book.</subfield>
      </datafield>
      <datafield tag="653" ind1=" " ind2=" ">
         <subfield code="a">(Zielgruppe)Fachpublikum/ Wissenschaft.</subfield>
      </datafield>
      <datafield tag="653" ind1=" " ind2=" ">
         <subfield code="a">Rechtsgeschichte.</subfield>
      </datafield>
      <datafield tag="653" ind1=" " ind2=" ">
         <subfield code="a">Symposion 2013.</subfield>
      </datafield>
      <datafield tag="653" ind1=" " ind2=" ">
         <subfield code="a">Griechische Rechtsgeschichte.</subfield>
      </datafield>
      <datafield tag="653" ind1=" " ind2=" ">
         <subfield code="a">Hellenistische Rechtsgeschichte.</subfield>
      </datafield>
      <datafield tag="653" ind1=" " ind2=" ">
         <subfield code="a">(VLB-WN)1770: Hardcover, Softcover / Recht.</subfield>
      </datafield>
      <datafield tag="655" ind1=" " ind2="7">
         <subfield code="a">Conference papers and proceedings.</subfield>
         <subfield code="2">fast</subfield>
         <subfield code="0">(OCoLC)fst01423772.</subfield>
      </datafield>
      <datafield tag="700" ind1="1" ind2=" ">
         <subfield code="a">Gagarin, Michael,</subfield>
         <subfield code="e">editor.</subfield>
      </datafield>
      <datafield tag="700" ind1="1" ind2=" ">
         <subfield code="a">Lanni, Adriaan,</subfield>
         <subfield code="d">1972-</subfield>
         <subfield code="e">editor.</subfield>
      </datafield>
      <datafield tag="710" ind1="2" ind2=" ">
         <subfield code="a">Österreichische Akademie der Wissenschaften.</subfield>
         <subfield code="b">Philosophisch-Historische Klasse.</subfield>
      </datafield>
      <datafield tag="830" ind1=" " ind2="0">
         <subfield code="a">Akten der Gesellschaft für Griechische und Hellenistische Rechtsgeschichte ;</subfield>
         <subfield code="v">Bd. 24.</subfield>
         <subfield code="x">0340-3149</subfield>
      </datafield>
      <datafield tag="994" ind1=" " ind2=" ">
         <subfield code="a">Z0</subfield>
         <subfield code="b">ZYU</subfield>
      </datafield>
      <datafield tag="OWN" ind1=" " ind2=" ">
         <subfield code="a">GENERAL</subfield>
      </datafield>
      <datafield tag="AVA" ind1=" " ind2=" ">
         <subfield code="a">NYU50</subfield>
         <subfield code="b">NISAW</subfield>
         <subfield code="c">Small Collection</subfield>
         <subfield code="d">KL4106.5 .G47 2013</subfield>
         <subfield code="e">available</subfield>
         <subfield code="t">Available</subfield>
         <subfield code="f">1</subfield>
         <subfield code="g">0</subfield>
         <subfield code="h">N</subfield>
         <subfield code="i">0</subfield>
         <subfield code="j">SMALL</subfield>
         <subfield code="k">0</subfield>
      </datafield>
      <marc:datafield tag="852" ind1=" " ind2=" ">
         <marc:subfield code="b">Institute for the Study of the Ancient World, </marc:subfield>
         <marc:subfield code="c">Small Collection</marc:subfield>
         <marc:subfield code="e">15 East 84th St., </marc:subfield>
         <marc:subfield code="e">New York, NY  10028</marc:subfield>
      </marc:datafield>
   </record>