
  
  
  
  
  
 
  
  <record xsi:schemaLocation="http://www.loc.gov/MARC21/slim http://www.loc.gov/standards/marcxml/schema/MARC21slim.xsd">
      <leader>00000cam a22      a 4500</leader>
      <controlfield tag="FMT">BK</controlfield>
      <controlfield tag="LDR">00000cam a22      a 4500</controlfield>
      <controlfield tag="001">004197474</controlfield>
      <controlfield tag="005">20151023141330.0</controlfield>
      <controlfield tag="008">151020s2008    fr abe   b    100 0 fre d</controlfield>
      <datafield tag="020" ind1=" " ind2=" ">
         <subfield code="a">2355180040 (pbk.)</subfield>
      </datafield>
      <datafield tag="020" ind1=" " ind2=" ">
         <subfield code="a">9782355180040 (pbk.)</subfield>
      </datafield>
      <datafield tag="035" ind1=" " ind2=" ">
         <subfield code="a">(OCoLC)244653731</subfield>
      </datafield>
      <datafield tag="040" ind1=" " ind2=" ">
         <subfield code="a">COO</subfield>
         <subfield code="b">eng</subfield>
         <subfield code="c">COO</subfield>
         <subfield code="d">UAT</subfield>
         <subfield code="d">TZT</subfield>
         <subfield code="d">NLGGC</subfield>
         <subfield code="d">OCLCQ</subfield>
         <subfield code="d">OCLCO</subfield>
         <subfield code="d">OCLCF</subfield>
         <subfield code="d">OCLCQ</subfield>
         <subfield code="d">OCLCO</subfield>
         <subfield code="d">OCL</subfield>
         <subfield code="d">OCLCO</subfield>
         <subfield code="d">NNU</subfield>
      </datafield>
      <datafield tag="043" ind1=" " ind2=" ">
         <subfield code="a">e------</subfield>
      </datafield>
      <datafield tag="050" ind1=" " ind2="4">
         <subfield code="a">DE61.B66</subfield>
         <subfield code="b">T73 2008</subfield>
      </datafield>
      <datafield tag="082" ind1="1" ind2="4">
         <subfield code="a">937</subfield>
         <subfield code="2">1</subfield>
      </datafield>
      <datafield tag="084" ind1=" " ind2=" ">
         <subfield code="a">21.97</subfield>
         <subfield code="2">bcl</subfield>
      </datafield>
      <datafield tag="245" ind1="0" ind2="3">
         <subfield code="a">Le travail de l'os, du bois de cerf et de la corne à l'époque romaine :</subfield>
         <subfield code="b">un artisanat en marge? : actes de la table ronde Instrumentum, Chauvigny (Vienne, F), 8-9 décembre 2005 /</subfield>
         <subfield code="c">sous la direction de Isabelle Bertrand.</subfield>
      </datafield>
      <datafield tag="260" ind1=" " ind2=" ">
         <subfield code="a">Montagnac :</subfield>
         <subfield code="b">M. Mergoil ;</subfield>
         <subfield code="a">[Chauvigny] :</subfield>
         <subfield code="b">Association des publications chauvinoises,</subfield>
         <subfield code="c">2008.</subfield>
      </datafield>
      <datafield tag="300" ind1=" " ind2=" ">
         <subfield code="a">342 pages :</subfield>
         <subfield code="b">illustrations (some color), maps (some color), plans ;</subfield>
         <subfield code="c">30 cm.</subfield>
      </datafield>
      <datafield tag="336" ind1=" " ind2=" ">
         <subfield code="a">text</subfield>
         <subfield code="b">txt</subfield>
         <subfield code="2">rdacontent</subfield>
      </datafield>
      <datafield tag="337" ind1=" " ind2=" ">
         <subfield code="a">unmediated</subfield>
         <subfield code="b">n</subfield>
         <subfield code="2">rdamedia</subfield>
      </datafield>
      <datafield tag="338" ind1=" " ind2=" ">
         <subfield code="a">volume</subfield>
         <subfield code="b">nc</subfield>
         <subfield code="2">rdacarrier</subfield>
      </datafield>
      <datafield tag="490" ind1="1" ind2=" ">
         <subfield code="a">Monographies instrumentum ;</subfield>
         <subfield code="v">34</subfield>
      </datafield>
      <datafield tag="546" ind1=" " ind2=" ">
         <subfield code="a">Contributions in French with one chapter in Italian.</subfield>
      </datafield>
      <datafield tag="504" ind1=" " ind2=" ">
         <subfield code="a">Includes bibliographical references.</subfield>
      </datafield>
      <datafield tag="505" ind1="0" ind2="0">
         <subfield code="t">Le travail de l'os et du bois de cerf à l'époque romaine : bilan et perspectives de la recherche sur un artisanat "mineur" /</subfield>
         <subfield code="r">Isabelle Bertrand --</subfield>
         <subfield code="t">Technologie des matières dures d'origine animale à l'Âge du Fer en Europe celtique /</subfield>
         <subfield code="r">Delphine Minni --</subfield>
         <subfield code="t">Une grille d'analyse pour décrire et comparer des ateliers de tabletiers ?</subfield>
         <subfield code="r">Michel Feugère, Vianney Forest, Philippe Prévot --</subfield>
         <subfield code="t">Le travail de l'os dans l'antique Samarobriva (Amiens, F) : première approche /</subfield>
         <subfield code="r">Annick Thuet --</subfield>
         <subfield code="t">L'artisanat de l'os dans la ville-sanctuaire gallo-romaine du Vieil-Évreux (Eure). État des connaissances /</subfield>
         <subfield code="r">Laurent Guyard --</subfield>
         <subfield code="t">Le travail de l'os à Rennes (Ille-et-Vilaine) à travers un canif à manche sculpté trouvé 3-5 rue de Saint-Malo /</subfield>
         <subfield code="r">Françoise Labaune --</subfield>
         <subfield code="t">Un atelier de travail de l'os à Chartres au IIIe s. ap. J.-C. /</subfield>
         <subfield code="r">Dominique Canny, Jean-Hervé Yvinec --</subfield>
      </datafield>
      <datafield tag="505" ind1="0" ind2="0">
         <subfield code="t">Une fabrication de colle d'os dans le quartier de la Grand Boissière à Jublains (Mayenne) ? /</subfield>
         <subfield code="r">Vianney Forest --</subfield>
         <subfield code="t">Le travail de l'os et du bois de cerf à Lemonum (Poitiers, F) : lieux de production et objets finis. Un état des données /</subfield>
         <subfield code="r">Isabelle Bertrand --</subfield>
         <subfield code="t">Os, bois de cerf et ivoire à Rom (Deux-Sèvres). Quelques éléments de réflexion sur l'approvisionnement en matière première et la distribution des objets dans l'agglomération /</subfield>
         <subfield code="r">Isabelle Rodet-Belarbi, Nadine Dieudonné-Glad --</subfield>
         <subfield code="t">Un artisanat de l'Antiquité tardive dans le théâtre de l'agglomération antique de Drevant (Cher). La production de fusaïoles et autres objets en bois de cerf et os /</subfield>
         <subfield code="r">Christian Cribellier, Isabelle Bertrand --</subfield>
         <subfield code="t">Peignes et étuis en os et bois de cerf du théâtre de Drevant (Cher) /</subfield>
         <subfield code="r">Isabelle Bertrand --</subfield>
         <subfield code="t">État des connaissances sur la producion de l'os à Orange (Vaucluse, F). Étude et comparaison des ateliers du travail de l'os /</subfield>
         <subfield code="r">Philippe Prévot --</subfield>
      </datafield>
      <datafield tag="505" ind1="0" ind2="0">
         <subfield code="t">Les matières dures animales (os, bois, de cerf et ivoire) dans la vallée de l'Hérault : production et consommation /</subfield>
         <subfield code="r">Michele Feugère, Philippe Prévot --</subfield>
         <subfield code="t">La collection de tabletterie du Musée romain de Nyon (CH) /</subfield>
         <subfield code="r">Caroline Anderes --</subfield>
         <subfield code="t">Travail et décor des médaillons en bois de cerf. Analyse et essai typologique /</subfield>
         <subfield code="r">Émilie Alonso --</subfield>
         <subfield code="t">Différences et identités de la vie quotidienne dans les provinces romaines : l'exemple de la tabletterie /</subfield>
         <subfield code="r">Sabine Deschler-Erb, Kordula Gostenčnik --</subfield>
         <subfield code="t">Letti funerari in osso de età romana: aspetti della produzione e diffusione alla luce de alcuni rinvenimenti in Lombardia. Presentazione preliminare di un letto da Cerveteri (Roma) /</subfield>
         <subfield code="r">Chiara Bianchi --</subfield>
         <subfield code="t">L'artisanat du bois de cerf à Iuvavum/Salzbourg, Autriche. Les manches de couteau /</subfield>
         <subfield code="r">Felix Lang.</subfield>
      </datafield>
      <datafield tag="650" ind1=" " ind2="0">
         <subfield code="a">Bone implements</subfield>
         <subfield code="z">Europe</subfield>
         <subfield code="x">History</subfield>
         <subfield code="v">Congresses.</subfield>
      </datafield>
      <datafield tag="650" ind1=" " ind2="0">
         <subfield code="a">Art objects, Classical</subfield>
         <subfield code="v">Congresses.</subfield>
      </datafield>
      <datafield tag="650" ind1=" " ind2="0">
         <subfield code="a">Bone carving</subfield>
         <subfield code="z">Europe</subfield>
         <subfield code="x">History</subfield>
         <subfield code="v">Congresses.</subfield>
      </datafield>
      <datafield tag="650" ind1=" " ind2="0">
         <subfield code="a">Horn carving</subfield>
         <subfield code="z">Europe</subfield>
         <subfield code="x">History</subfield>
         <subfield code="v">Congresses.</subfield>
      </datafield>
      <datafield tag="651" ind1=" " ind2="0">
         <subfield code="a">Europe</subfield>
         <subfield code="x">Antiquities</subfield>
         <subfield code="v">Congresses.</subfield>
      </datafield>
      <datafield tag="650" ind1=" " ind2="0">
         <subfield code="a">Classical antiquities</subfield>
         <subfield code="v">Congresses.</subfield>
      </datafield>
      <datafield tag="650" ind1=" " ind2="0">
         <subfield code="a">Art, Roman</subfield>
         <subfield code="v">Congresses.</subfield>
      </datafield>
      <datafield tag="700" ind1="1" ind2=" ">
         <subfield code="a">Bertrand, Isabelle.</subfield>
      </datafield>
      <datafield tag="776" ind1="0" ind2="8">
         <subfield code="i">Online version:</subfield>
         <subfield code="t">Travail de l'os, du bois de cerf et de la corne à l'époque romaine.</subfield>
         <subfield code="d">Montagnac : M. Mergoil ; [Chauvigny] : Association des publications chauvinoises, 2008</subfield>
         <subfield code="w">(OCoLC)681293709</subfield>
      </datafield>
      <datafield tag="830" ind1=" " ind2="0">
         <subfield code="a">Monographies instrumentum ;</subfield>
         <subfield code="v">34.</subfield>
      </datafield>
      <datafield tag="OWN" ind1=" " ind2=" ">
         <subfield code="a">GENERAL</subfield>
      </datafield>
      <datafield tag="AVA" ind1=" " ind2=" ">
         <subfield code="a">NYU50</subfield>
         <subfield code="b">NISAW</subfield>
         <subfield code="c">Large Collection</subfield>
         <subfield code="d">DE61.B66 T73 2008</subfield>
         <subfield code="e">available</subfield>
         <subfield code="t">Available</subfield>
         <subfield code="f">1</subfield>
         <subfield code="g">0</subfield>
         <subfield code="h">N</subfield>
         <subfield code="i">0</subfield>
         <subfield code="j">LARGE</subfield>
         <subfield code="k">0</subfield>
      </datafield>
      <marc:datafield tag="852" ind1=" " ind2=" ">
         <marc:subfield code="b">Institute for the Study of the Ancient World, </marc:subfield>
         <marc:subfield code="c">Large Collection</marc:subfield>
         <marc:subfield code="e">15 East 84th St., </marc:subfield>
         <marc:subfield code="e">New York, NY  10028</marc:subfield>
      </marc:datafield>
   </record>