
  
  
  
  
  
  
  
 
  
  <record xsi:schemaLocation="http://www.loc.gov/MARC21/slim http://www.loc.gov/standards/marcxml/schema/MARC21slim.xsd">
      <leader>00000nam a22      i 4500</leader>
      <controlfield tag="FMT">BK</controlfield>
      <controlfield tag="LDR">00000nam a22      i 4500</controlfield>
      <controlfield tag="001">004197158</controlfield>
      <controlfield tag="005">20151020095009.0</controlfield>
      <controlfield tag="008">151019s2015    gw aef   bc   000 0 eng d</controlfield>
      <datafield tag="020" ind1=" " ind2=" ">
         <subfield code="a">9785895260265</subfield>
         <subfield code="q">English ed.</subfield>
      </datafield>
      <datafield tag="040" ind1=" " ind2=" ">
         <subfield code="a">NNU</subfield>
         <subfield code="b">eng</subfield>
         <subfield code="e">rda</subfield>
         <subfield code="c">NNU</subfield>
      </datafield>
      <datafield tag="041" ind1="1" ind2=" ">
         <subfield code="a">eng</subfield>
         <subfield code="h">rus</subfield>
      </datafield>
      <datafield tag="043" ind1=" " ind2=" ">
         <subfield code="a">e-urr--</subfield>
      </datafield>
      <datafield tag="050" ind1=" " ind2="4">
         <subfield code="a">DK511.A28</subfield>
         <subfield code="b">U5713 2015</subfield>
      </datafield>
      <datafield tag="066" ind1=" " ind2=" ">
         <subfield code="c">(N</subfield>
      </datafield>
      <datafield tag="245" ind1="0" ind2="4">
         <subfield code="a">The Ulskii tumuli :</subfield>
         <subfield code="b">cultic and burial ensemble of the Scythian period in the Nothern Caucasus /</subfield>
         <subfield code="c">edited by Askold Ivantchik and Alexander Lesko.</subfield>
      </datafield>
      <datafield tag="246" ind1="1" ind2="5">
         <subfield code="6">880-01</subfield>
         <subfield code="a">Ul'skie kurgany :</subfield>
         <subfield code="b">kul'tovo-pogrebal'nyĭ kompleks skifskogo vremeni na Cevernom Kavkaze</subfield>
      </datafield>
      <datafield tag="250" ind1=" " ind2=" ">
         <subfield code="a">English edition</subfield>
      </datafield>
      <datafield tag="264" ind1=" " ind2="1">
         <subfield code="a">Berlin ;</subfield>
         <subfield code="a">Bordeaux ;</subfield>
         <subfield code="a">Moscow :</subfield>
         <subfield code="b">Paleograph Press,</subfield>
         <subfield code="c">2015.</subfield>
      </datafield>
      <datafield tag="300" ind1=" " ind2=" ">
         <subfield code="a">181 pages, 42 pages of plates :</subfield>
         <subfield code="b">illustrations (some colored), black-and-white plans ;</subfield>
         <subfield code="c">30 cm.</subfield>
      </datafield>
      <datafield tag="336" ind1=" " ind2=" ">
         <subfield code="a">text</subfield>
         <subfield code="b">txt</subfield>
         <subfield code="2">rdacontent</subfield>
      </datafield>
      <datafield tag="336" ind1=" " ind2=" ">
         <subfield code="a">still image</subfield>
         <subfield code="b">sti</subfield>
         <subfield code="2">rdacontent</subfield>
      </datafield>
      <datafield tag="337" ind1=" " ind2=" ">
         <subfield code="a">unmediated</subfield>
         <subfield code="b">n</subfield>
         <subfield code="2">rdamedia</subfield>
      </datafield>
      <datafield tag="338" ind1=" " ind2=" ">
         <subfield code="a">volume</subfield>
         <subfield code="b">nc</subfield>
         <subfield code="2">rdacarrier</subfield>
      </datafield>
      <datafield tag="490" ind1="1" ind2=" ">
         <subfield code="a">Corpus tumulorum Scythicorum et Sarmaticorum ;</subfield>
         <subfield code="v">2</subfield>
      </datafield>
      <datafield tag="490" ind1="1" ind2=" ">
         <subfield code="6">880-02</subfield>
         <subfield code="a">Steppenvölker Eurasiens = Stepnyie narody evrazii ;</subfield>
         <subfield code="v">Bd. 6</subfield>
      </datafield>
      <datafield tag="504" ind1=" " ind2=" ">
         <subfield code="a">Includes bibliographical references.</subfield>
      </datafield>
      <datafield tag="505" ind1="0" ind2="0">
         <subfield code="a">Introduction /</subfield>
         <subfield code="r">A.I. Ivantchik, A.M. Leskov --</subfield>
         <subfield code="t">Excavations of the Ulskii burial-mounds in 1898, 1908 and 1909 /</subfield>
         <subfield code="r">L.K. Galanina --</subfield>
         <subfield code="t">Excavations of the Ulskii burial-mounds in 1982-1983 /</subfield>
         <subfield code="r">A.M. Leskov --</subfield>
         <subfield code="t">Horse harness and weapons from the Ulskii burial-mounds /</subfield>
         <subfield code="r">V.R. Erlikh --</subfield>
         <subfield code="t">Greek imports from the Ulskii burial-mounds /</subfield>
         <subfield code="r">I.V. Ksenofontova --</subfield>
         <subfield code="t">Works of art in the Scythian animal style from the Ulskii burial-mounds /</subfield>
         <subfield code="r">E.V. Perevodchikova --</subfield>
         <subfield code="t">On techniques used for the manufacture of articles made of bronze, silver and gold from the Ulskii burial-mounds /</subfield>
         <subfield code="r">R.S. Minasyan --</subfield>
         <subfield code="t">Iron artefacts from the Ulskii burial-mounds in the context of the iron-working in the Scythian period /</subfield>
         <subfield code="r">N.N. Terkhova --</subfield>
         <subfield code="t">Questions of relative and absolute chronology /</subfield>
         <subfield code="r">A.M. Leskov --</subfield>
         <subfield code="t">Ulskii burial-mounds as a historical source /</subfield>
         <subfield code="r">A.M. Leskov, L.K. Galanina --</subfield>
         <subfield code="g">Supplement.</subfield>
         <subfield code="t">Excavations of a burial-mound of the Ulskii group in 2007 /</subfield>
         <subfield code="r">V.R. Erlikh.</subfield>
         <subfield code="t">Catalogue.</subfield>
         <subfield code="t">Excavations of 1898 /</subfield>
         <subfield code="r">E.V. Perevodchikova --</subfield>
         <subfield code="t">Excavations of 1908 /</subfield>
         <subfield code="r">L.K. Galanina --</subfield>
         <subfield code="t">Excavations of 1909 /</subfield>
         <subfield code="r">L.K. Galanina --</subfield>
         <subfield code="t">Excavations of 1982 /</subfield>
         <subfield code="r">A.M. Leskov --</subfield>
         <subfield code="t">Excavations of 1983 /</subfield>
         <subfield code="r">A.M. Leskov --</subfield>
         <subfield code="t">Excavations of 2007 /</subfield>
         <subfield code="r">V.R. Erlikh.</subfield>
      </datafield>
      <datafield tag="546" ind1=" " ind2=" ">
         <subfield code="a">Translated from Russian.</subfield>
      </datafield>
      <datafield tag="650" ind1=" " ind2="0">
         <subfield code="a">Mounds</subfield>
         <subfield code="z">Russia (Federation)</subfield>
         <subfield code="z">Adygea.</subfield>
      </datafield>
      <datafield tag="650" ind1=" " ind2="0">
         <subfield code="a">Excavations (Archaeology)</subfield>
         <subfield code="z">Russia (Federation)</subfield>
         <subfield code="z">Adygea.</subfield>
      </datafield>
      <datafield tag="650" ind1=" " ind2="0">
         <subfield code="a">Tombs</subfield>
         <subfield code="z">Russia (Federation)</subfield>
         <subfield code="z">Adygea.</subfield>
      </datafield>
      <datafield tag="650" ind1=" " ind2="0">
         <subfield code="a">Grave goods</subfield>
         <subfield code="z">Russia (Federation)</subfield>
         <subfield code="z">Adygea</subfield>
         <subfield code="v">Catalogs.</subfield>
      </datafield>
      <datafield tag="651" ind1=" " ind2="0">
         <subfield code="a">Adygea (Russia)</subfield>
         <subfield code="x">Antiquities</subfield>
         <subfield code="v">Catalogs.</subfield>
      </datafield>
      <datafield tag="700" ind1="1" ind2=" ">
         <subfield code="a">Ivanchik, A. I.</subfield>
         <subfield code="q">(Askolʹd Igorevich),</subfield>
         <subfield code="d">1965-</subfield>
         <subfield code="e">editor.</subfield>
      </datafield>
      <datafield tag="700" ind1="1" ind2=" ">
         <subfield code="a">Leskov, Aleksandr Mikhaĭlovich,</subfield>
         <subfield code="e">editor.</subfield>
      </datafield>
      <datafield tag="880" ind1="1" ind2="5">
         <subfield code="6">246-01/</subfield>
         <subfield code="a">Ульские курганы :</subfield>
         <subfield code="b">культово-погребальный комплекс скифского времени на Cеверном Кавказе</subfield>
      </datafield>
      <datafield tag="880" ind1="1" ind2=" ">
         <subfield code="6">490-02/</subfield>
         <subfield code="a">Steppenvölker Eurasiens = Степныие народы евразии ;</subfield>
         <subfield code="v">Bd. 6.</subfield>
      </datafield>
      <datafield tag="830" ind1=" " ind2="0">
         <subfield code="a">Corpus tumulorum Scythicorum et Sarmaticorum ;</subfield>
         <subfield code="v">2.</subfield>
      </datafield>
      <datafield tag="830" ind1=" " ind2="0">
         <subfield code="a">Steppenvölker Eurasiens ;</subfield>
         <subfield code="v">Bd. 6.</subfield>
      </datafield>
      <datafield tag="OWN" ind1=" " ind2=" ">
         <subfield code="a">GENERAL</subfield>
      </datafield>
      <datafield tag="AVA" ind1=" " ind2=" ">
         <subfield code="a">NYU50</subfield>
         <subfield code="b">NISAW</subfield>
         <subfield code="c">Large Collection</subfield>
         <subfield code="d">DK511.A28 U5713 2015</subfield>
         <subfield code="e">available</subfield>
         <subfield code="t">Available</subfield>
         <subfield code="f">1</subfield>
         <subfield code="g">0</subfield>
         <subfield code="h">N</subfield>
         <subfield code="i">0</subfield>
         <subfield code="j">LARGE</subfield>
         <subfield code="k">0</subfield>
      </datafield>
      <marc:datafield tag="852" ind1=" " ind2=" ">
         <marc:subfield code="b">Institute for the Study of the Ancient World, </marc:subfield>
         <marc:subfield code="c">Large Collection</marc:subfield>
         <marc:subfield code="e">15 East 84th St., </marc:subfield>
         <marc:subfield code="e">New York, NY  10028</marc:subfield>
      </marc:datafield>
   </record>