
  
  
  
  
  
 
  
  <record xsi:schemaLocation="http://www.loc.gov/MARC21/slim http://www.loc.gov/standards/marcxml/schema/MARC21slim.xsd">
      <leader>00000cam  2200697 i 4500</leader>
      <controlfield tag="FMT">BK</controlfield>
      <controlfield tag="LDR">00000cam  2200697 i 4500</controlfield>
      <controlfield tag="001">004198070</controlfield>
      <controlfield tag="003">OCoLC</controlfield>
      <controlfield tag="005">20151021155116.0</controlfield>
      <controlfield tag="008">151021s2012    le ab    bm   001 0 fre c</controlfield>
      <datafield tag="020" ind1=" " ind2=" ">
         <subfield code="a">9782351593806</subfield>
      </datafield>
      <datafield tag="020" ind1=" " ind2=" ">
         <subfield code="a">2351593804</subfield>
      </datafield>
      <datafield tag="035" ind1=" " ind2=" ">
         <subfield code="a">(OCoLC)838449978</subfield>
         <subfield code="z">(OCoLC)856652519</subfield>
      </datafield>
      <datafield tag="040" ind1=" " ind2=" ">
         <subfield code="a">ERASP</subfield>
         <subfield code="b">eng</subfield>
         <subfield code="e">rda</subfield>
         <subfield code="c">ERASP</subfield>
         <subfield code="d">OCLCO</subfield>
         <subfield code="d">DEBSZ</subfield>
         <subfield code="d">NDD</subfield>
         <subfield code="d">MUU</subfield>
         <subfield code="d">CUY</subfield>
         <subfield code="d">OCLCF</subfield>
         <subfield code="d">OSU</subfield>
         <subfield code="d">TZT</subfield>
         <subfield code="d">MEAUC</subfield>
         <subfield code="d">NNU</subfield>
      </datafield>
      <datafield tag="041" ind1="0" ind2=" ">
         <subfield code="a">fre</subfield>
         <subfield code="a">ara</subfield>
         <subfield code="b">fre</subfield>
         <subfield code="b">ara</subfield>
      </datafield>
      <datafield tag="043" ind1=" " ind2=" ">
         <subfield code="a">aw-----</subfield>
         <subfield code="a">a-sy---</subfield>
      </datafield>
      <datafield tag="050" ind1=" " ind2="4">
         <subfield code="a">DS97.2</subfield>
         <subfield code="b">.G46 2012</subfield>
      </datafield>
      <datafield tag="066" ind1=" " ind2=" ">
         <subfield code="c">(3</subfield>
      </datafield>
      <datafield tag="082" ind1="0" ind2="4">
         <subfield code="a">932-933</subfield>
      </datafield>
      <datafield tag="100" ind1="1" ind2=" ">
         <subfield code="a">Genequand, Denis,</subfield>
         <subfield code="e">author.</subfield>
      </datafield>
      <datafield tag="245" ind1="1" ind2="4">
         <subfield code="a">Les établissements des élites omeyyades en Palmyrène et au Proche-Orient /</subfield>
         <subfield code="c">par Denis Genequand.</subfield>
      </datafield>
      <datafield tag="246" ind1="1" ind2="5">
         <subfield code="6">880-01</subfield>
         <subfield code="a">Munshaʼāt nukhab al-Umawīyīn fī al-minṭaqah al-Tadmurīyah wa-al-Mashriq</subfield>
      </datafield>
      <datafield tag="264" ind1=" " ind2="1">
         <subfield code="a">Beyrouth :</subfield>
         <subfield code="b">Institut français du Proche-Orient,</subfield>
         <subfield code="c">2012.</subfield>
      </datafield>
      <datafield tag="300" ind1=" " ind2=" ">
         <subfield code="a">xviii, 461 pages :</subfield>
         <subfield code="b">illustrations (some color), maps (some color) ;</subfield>
         <subfield code="c">28 cm.</subfield>
      </datafield>
      <datafield tag="336" ind1=" " ind2=" ">
         <subfield code="a">text</subfield>
         <subfield code="b">txt</subfield>
         <subfield code="2">rdacontent</subfield>
      </datafield>
      <datafield tag="337" ind1=" " ind2=" ">
         <subfield code="a">unmediated</subfield>
         <subfield code="b">n</subfield>
         <subfield code="2">rdamedia</subfield>
      </datafield>
      <datafield tag="338" ind1=" " ind2=" ">
         <subfield code="a">volume</subfield>
         <subfield code="b">nc</subfield>
         <subfield code="2">rdacarrier</subfield>
      </datafield>
      <datafield tag="490" ind1="1" ind2=" ">
         <subfield code="a">Bibliothèque archéologique et historique ;</subfield>
         <subfield code="v">t. 200</subfield>
      </datafield>
      <datafield tag="500" ind1=" " ind2=" ">
         <subfield code="a">"Ouvrage publié avec le concours du Ministère des affaires étrangères (DGMDP), du Centre national de la recherche scientifique (UMIFRE 6, USR 3135) et de la Fondation Suisse-Liechtenstein pour la recherche archéologique à l'étranger (FSLA/SLSA)."</subfield>
      </datafield>
      <datafield tag="500" ind1=" " ind2=" ">
         <subfield code="a">Revision of the author's thesis (doctoral)--Université de Lausanne, and Université de Paris I: Panthéon-Sorbonne, 2010, under title: Les élites omeyyades en Palmyrène : contribution à l'étude des aspects fonctionnels et économiques des établissements aristocratiques omeyyades du Bilād al-Shām.</subfield>
      </datafield>
      <datafield tag="546" ind1=" " ind2=" ">
         <subfield code="a">In French with introductory materials, added title-page, and summary also in Arabic.</subfield>
      </datafield>
      <datafield tag="504" ind1=" " ind2=" ">
         <subfield code="a">Includes bibliographical references (pages 407-427) and index.</subfield>
      </datafield>
      <datafield tag="505" ind1="1" ind2="0">
         <subfield code="t">Histoire de la recherche sur les établissements aristocratiques omeyyades du Bilād al-Shām.</subfield>
         <subfield code="g">Première partie :</subfield>
         <subfield code="t">La Palmyrène.</subfield>
         <subfield code="t">La Palmyrène : géographie et environnement --</subfield>
         <subfield code="t">Palmyre et la Palmyrène à la fin de l'Antiquité (Ier-VIIe siècle) --</subfield>
         <subfield code="t">Repères historiques sur la conquête islamique et l'époque omeyyade en Palmyrène --</subfield>
         <subfield code="t">Palmyre omeyyade --</subfield>
         <subfield code="t">Al-Bakhrā' : un établissement de transition --</subfield>
         <subfield code="t">Qaṣr al-Ḥayr al-Sharqī : une ville neuve --</subfield>
         <subfield code="t">Les autres établissements aristocratiques de Palmyrène --</subfield>
         <subfield code="t">La Palmyrène omeyyade.</subfield>
         <subfield code="g">Deuxième partie.</subfield>
         <subfield code="t">Les établissements aristocratiques omeyyades du Proche-Orient.</subfield>
         <subfield code="t">Les composantes des établissements aristocratiques omeyyades du Proche-Orient --</subfield>
         <subfield code="t">Aspects économiques des établissements aristocratiques omeyyades du Proche-Orient --</subfield>
         <subfield code="t">Les fonctions des établissements aristocratiques omeyyades du Proche-Orient --</subfield>
         <subfield code="t">Conclusion générale.</subfield>
      </datafield>
      <datafield tag="520" ind1="8" ind2=" ">
         <subfield code="a">Au début de l'époque islamique, sous la dynastie des Omeyyades, le Proche-Orient (Bilad al-Sham) a vu la construction de nombreux établissements aristocratiques appartenant aux nouvelles élites musulmanes. Souvent appelés "chateaux du désert" car majoritairement situés dans les régions steppiques du Proche-Orient, ces établissements sont organisés autour d'un palais ou d'une résidence et comprennent de nombreuses autres composantes, telles que bain, mosquée ou diverses infrastructures agricoles. Depuis près d'n siècle, leur rôle a soulevé de vifs débats parmi les chercheurs travaillant sur les débuts de l'Islam.</subfield>
      </datafield>
      <datafield tag="600" ind1="3" ind2="0">
         <subfield code="a">Umayyad dynasty.</subfield>
      </datafield>
      <datafield tag="651" ind1=" " ind2="0">
         <subfield code="a">Middle East</subfield>
         <subfield code="x">Antiquities.</subfield>
      </datafield>
      <datafield tag="651" ind1=" " ind2="0">
         <subfield code="a">Tadmur (Syria)</subfield>
         <subfield code="x">Antiquities.</subfield>
      </datafield>
      <datafield tag="651" ind1=" " ind2="0">
         <subfield code="a">Syria</subfield>
         <subfield code="x">Antiquities.</subfield>
      </datafield>
      <datafield tag="650" ind1=" " ind2="0">
         <subfield code="a">Palaces</subfield>
         <subfield code="z">Syria.</subfield>
      </datafield>
      <datafield tag="650" ind1=" " ind2="0">
         <subfield code="a">Excavations (Archaeology)</subfield>
         <subfield code="z">Syria</subfield>
         <subfield code="z">Tadmur.</subfield>
      </datafield>
      <datafield tag="651" ind1=" " ind2="0">
         <subfield code="a">Syria</subfield>
         <subfield code="x">History</subfield>
         <subfield code="y">634-750.</subfield>
      </datafield>
      <datafield tag="600" ind1="3" ind2="7">
         <subfield code="a">Umayyad dynasty.</subfield>
         <subfield code="2">fast</subfield>
         <subfield code="0">(OCoLC)fst00216801.</subfield>
      </datafield>
      <datafield tag="650" ind1=" " ind2="7">
         <subfield code="a">Antiquities.</subfield>
         <subfield code="2">fast</subfield>
         <subfield code="0">(OCoLC)fst00810745.</subfield>
      </datafield>
      <datafield tag="650" ind1=" " ind2="7">
         <subfield code="a">Palaces.</subfield>
         <subfield code="2">fast</subfield>
         <subfield code="0">(OCoLC)fst01051243.</subfield>
      </datafield>
      <datafield tag="651" ind1=" " ind2="7">
         <subfield code="a">Middle East.</subfield>
         <subfield code="2">fast</subfield>
         <subfield code="0">(OCoLC)fst01241586.</subfield>
      </datafield>
      <datafield tag="651" ind1=" " ind2="7">
         <subfield code="a">Syria.</subfield>
         <subfield code="2">fast</subfield>
         <subfield code="0">(OCoLC)fst01208757.</subfield>
      </datafield>
      <datafield tag="648" ind1=" " ind2="7">
         <subfield code="a">634 - 750</subfield>
         <subfield code="2">fast.</subfield>
      </datafield>
      <datafield tag="653" ind1=" " ind2=" ">
         <subfield code="a">Umayyad dynasty -- Excavations (Archaeology) -- Syria -- Middle East.</subfield>
      </datafield>
      <datafield tag="655" ind1=" " ind2="7">
         <subfield code="a">History.</subfield>
         <subfield code="2">fast</subfield>
         <subfield code="0">(OCoLC)fst01411628.</subfield>
      </datafield>
      <datafield tag="880" ind1="1" ind2="5">
         <subfield code="6">246-01/</subfield>
         <subfield code="a">منشآت نخب الأمويين في المنطقة التدمرية والمشرق</subfield>
      </datafield>
      <datafield tag="830" ind1=" " ind2="0">
         <subfield code="a">Bibliothèque archéologique et historique ;</subfield>
         <subfield code="v">t. 200.</subfield>
      </datafield>
      <datafield tag="856" ind1="4" ind2=" ">
         <subfield code="3">Inhaltsverzeichnis</subfield>
         <subfield code="u">http://swbplus.bsz-bw.de/bsz383531152inh.htm</subfield>
         <subfield code="v">20140328112931</subfield>
      </datafield>
      <datafield tag="856" ind1="4" ind2=" ">
         <subfield code="3">Klappentext</subfield>
         <subfield code="u">http://swbplus.bsz-bw.de/bsz383531152kla.htm</subfield>
         <subfield code="v">20140328112932</subfield>
      </datafield>
      <datafield tag="994" ind1=" " ind2=" ">
         <subfield code="a">Z0</subfield>
         <subfield code="b">ZYU</subfield>
      </datafield>
      <datafield tag="OWN" ind1=" " ind2=" ">
         <subfield code="a">GENERAL</subfield>
      </datafield>
      <datafield tag="AVA" ind1=" " ind2=" ">
         <subfield code="a">NYU50</subfield>
         <subfield code="b">NISAW</subfield>
         <subfield code="c">Large Collection</subfield>
         <subfield code="d">DS97.2 .G46 2012</subfield>
         <subfield code="e">available</subfield>
         <subfield code="t">Available</subfield>
         <subfield code="f">1</subfield>
         <subfield code="g">0</subfield>
         <subfield code="h">N</subfield>
         <subfield code="i">0</subfield>
         <subfield code="j">LARGE</subfield>
         <subfield code="k">0</subfield>
      </datafield>
      <marc:datafield tag="852" ind1=" " ind2=" ">
         <marc:subfield code="b">Institute for the Study of the Ancient World, </marc:subfield>
         <marc:subfield code="c">Large Collection</marc:subfield>
         <marc:subfield code="e">15 East 84th St., </marc:subfield>
         <marc:subfield code="e">New York, NY  10028</marc:subfield>
      </marc:datafield>
   </record>