
  
  
  
  
 
  
  <record xsi:schemaLocation="http://www.loc.gov/MARC21/slim http://www.loc.gov/standards/marcxml/schema/MARC21slim.xsd">
      <leader>00000cam a22      i 4500</leader>
      <controlfield tag="FMT">BK</controlfield>
      <controlfield tag="LDR">00000cam a22      i 4500</controlfield>
      <controlfield tag="001">004197927</controlfield>
      <controlfield tag="005">20151023142344.0</controlfield>
      <controlfield tag="008">151021s2014    fr abef  b    100 0 eng d</controlfield>
      <datafield tag="020" ind1=" " ind2=" ">
         <subfield code="a">9782355180415</subfield>
      </datafield>
      <datafield tag="020" ind1=" " ind2=" ">
         <subfield code="a">2355180415</subfield>
      </datafield>
      <datafield tag="035" ind1=" " ind2=" ">
         <subfield code="a">(OCoLC)892825708</subfield>
      </datafield>
      <datafield tag="040" ind1=" " ind2=" ">
         <subfield code="a">ERASP</subfield>
         <subfield code="b">eng</subfield>
         <subfield code="e">rda</subfield>
         <subfield code="c">ERASP</subfield>
         <subfield code="d">OCLCO</subfield>
         <subfield code="d">HEBIS</subfield>
         <subfield code="d">AUM</subfield>
         <subfield code="d">C3L</subfield>
         <subfield code="d">TKN</subfield>
         <subfield code="d">NNU</subfield>
      </datafield>
      <datafield tag="043" ind1=" " ind2=" ">
         <subfield code="a">e------</subfield>
      </datafield>
      <datafield tag="050" ind1=" " ind2="4">
         <subfield code="a">GN780.2.A1</subfield>
         <subfield code="b">E27 2014</subfield>
      </datafield>
      <datafield tag="082" ind1="0" ind2="4">
         <subfield code="a">930</subfield>
      </datafield>
      <datafield tag="090" ind1=" " ind2=" ">
         <subfield code="a">TN405.A1</subfield>
         <subfield code="b">E27 2014</subfield>
      </datafield>
      <datafield tag="245" ind1="0" ind2="0">
         <subfield code="a">Early iron in Europe /</subfield>
         <subfield code="c">Brigitte Cech, Thilo Rehren (eds.).</subfield>
      </datafield>
      <datafield tag="264" ind1=" " ind2="1">
         <subfield code="a">Montagnac :</subfield>
         <subfield code="b">Éditions Monique Mergoil,</subfield>
         <subfield code="c">2014.</subfield>
      </datafield>
      <datafield tag="300" ind1=" " ind2=" ">
         <subfield code="a">300 pages, 20 pages of plates :</subfield>
         <subfield code="b">illustrations (some color), maps, plans ;</subfield>
         <subfield code="c">30 cm</subfield>
      </datafield>
      <datafield tag="336" ind1=" " ind2=" ">
         <subfield code="a">text</subfield>
         <subfield code="b">txt</subfield>
         <subfield code="2">rdacontent</subfield>
      </datafield>
      <datafield tag="336" ind1=" " ind2=" ">
         <subfield code="a">still image</subfield>
         <subfield code="b">sti</subfield>
         <subfield code="2">rdacontent</subfield>
      </datafield>
      <datafield tag="337" ind1=" " ind2=" ">
         <subfield code="a">unmediated</subfield>
         <subfield code="b">n</subfield>
         <subfield code="2">rdamedia</subfield>
      </datafield>
      <datafield tag="338" ind1=" " ind2=" ">
         <subfield code="a">volume</subfield>
         <subfield code="b">nc</subfield>
         <subfield code="2">rdacarrier</subfield>
      </datafield>
      <datafield tag="490" ind1="1" ind2=" ">
         <subfield code="a">Monographies instrumentum ;</subfield>
         <subfield code="v">50</subfield>
      </datafield>
      <datafield tag="500" ind1=" " ind2=" ">
         <subfield code="a">Papers originally presented at the conference, Early Iron in Europe - Prehistoric and Roman Iron Production, Hüttenberg, September 2008.</subfield>
      </datafield>
      <datafield tag="504" ind1=" " ind2=" ">
         <subfield code="a">Includes bibliographical references.</subfield>
      </datafield>
      <datafield tag="505" ind1="0" ind2="0">
         <subfield code="t">Early Iron in Europe - an introduction and overview /</subfield>
         <subfield code="r">Thilo Rehren, Brigitte Cech --</subfield>
         <subfield code="t">The production of ferrum Noricum at Hüttenberg, Austria - the results of archaeological excavations carried out from 2003 to 2010 at the site Semlach/Eisner /</subfield>
         <subfield code="r">Brigitte Cech --</subfield>
         <subfield code="t">Early iron production in Germany - a short review /</subfield>
         <subfield code="r">Guntram Gassmann, Andreas Schäfer --</subfield>
         <subfield code="t">Early iron production in the central German highlands. Current research in the Lahn Valley at Wetzlar-Dalheim (Lahn-Dill-District, Hessen) /</subfield>
         <subfield code="r">Andreas Schäfer --</subfield>
         <subfield code="t">The Siegerland as an iron production area during the first millennium BC: a regional approach to a famous mining region /</subfield>
         <subfield code="r">Thomas Stölner in collaboration wiwth Jennifer Garner, Guntram Gassmann, Klaus Röttger, Ursula Tegmeier, Ünsal Yalçin, Manuel Zeiler --</subfield>
         <subfield code="t">Heeten revisited - Germanic iron production in the Netherlands (150-350 AD) /</subfield>
         <subfield code="r">Patrice de Rijk, Ineke Joosten /</subfield>
         <subfield code="t">The Roman bloomery workshop of "Roche Brune" (Pezé-le-Robert, Sarthe, France) /</subfield>
         <subfield code="r">Florian Sarreste --</subfield>
         <subfield code="t">Tentative chemical characterization of a Roman smelting workshop (Oulches, France): from the ore to the finished product /</subfield>
         <subfield code="r">Marie-Pierre Coustures, Nadine Dieudonné-Glad, Philippe Dillmann, Didier Béziat --</subfield>
         <subfield code="t">Levroux "Les Arènes" (Indre-France): organization and specialization of post-reduction activities in an open agglomeration of the late iron age (2nd century - beginning of the 1st century B.C.) /</subfield>
         <subfield code="r">Marion Berranger, Philippe Fluzin --</subfield>
      </datafield>
      <datafield tag="505" ind1="0" ind2="0">
         <subfield code="t">Organization of forging activities in Northrn Paris Basin agglomerations (France) during the final La Tène /</subfield>
         <subfield code="r">Sylvain Bauvais, Philippe Fluzin --</subfield>
         <subfield code="t">An aspect of the Celtic iron trade: the "Spitzbarren". The deposit from Bellmund (canton Bern, Switzerland) /</subfield>
         <subfield code="r">Marianne Senn, Maren Kraack, Alexander Flisch, Adrian Wichser, Michael Obrist --</subfield>
         <subfield code="t">Ironworking in Roman Switzerland: an interpretation of the archaeological evidence /</subfield>
         <subfield code="r">Vincent Serneels --</subfield>
         <subfield code="t">Iron productionin Lombardy from the 2nd century BC until the 6th century AD /</subfield>
         <subfield code="r">Constanza Cucini, Marco Tizzoni --</subfield>
         <subfield code="t">The Aithale Project: men, earth and sea in the Tuscan Archipelago (Italy) in antiquity. Perspectives, aims and first results /</subfield>
         <subfield code="r">Alessandro Corretti, Laura Chiarantini, Mrco Benvenuti, Franco Cambi --</subfield>
         <subfield code="t">Fragments of iron slag in pottery mortars from Este /</subfield>
         <subfield code="r">Irene Calliari, Katya Brunelli, Emilio Ramous, Catarina Canovaro --</subfield>
         <subfield code="t">Iron and the Parisi - socio-economic and ritual aspects of the iron industry in Roman East Yorkshire, UK /</subfield>
         <subfield code="r">Peter Halkon --</subfield>
         <subfield code="t">Roman military control on iron-making in South Wales /</subfield>
         <subfield code="r">Tim Young --</subfield>
         <subfield code="t">Waste heaps as a potential indicator of regional iron production and organisation: an example from south-east Roman Britain /</subfield>
         <subfield code="r">Jeremy Hodgkinson --</subfield>
         <subfield code="t">Iron bloomery in south and central Norway, 300 BC - 500 AD /</subfield>
         <subfield code="r">Jan Henning Larsen, Bernt Rundberget --</subfield>
         <subfield code="t">Norwegian Roman Age blooms and their origin. Properties and processes shared with 'ferrum Noricum'? /</subfield>
         <subfield code="r">Arne Espelund --</subfield>
         <subfield code="t">A Roman Iron Age bloomery site in Gästrikland, Sweden. Evidence of a widespread trade? /</subfield>
      </datafield>
      <datafield tag="505" ind1="0" ind2="0">
         <subfield code="t">Norwegian Roman Age blooms and their origin. Properties and processes shared with 'ferrum Noricum'? /</subfield>
         <subfield code="r">Arne Espelund --</subfield>
         <subfield code="t">A Roman Iron Age bloomery site in Gästrikland, Sweden. Evidence of a widespread trade? /</subfield>
         <subfield code="r">Eva Hjärthner-Holdar, Svante Forenius, Annika Willim --</subfield>
         <subfield code="t">The reconstructiion of smithing activities through an ethnoarchaeological and archaeometric approach on metallic wastes /</subfield>
         <subfield code="r">Raphaëlle Soulignac, Vincent Serneels --</subfield>
         <subfield code="t">Steelmaking in a bloomery furnance: behavior of manganese. Research on the Ferrum Noricum process /</subfield>
         <subfield code="r">Edmond Truffaut.</subfield>
      </datafield>
      <datafield tag="520" ind1=" " ind2=" ">
         <subfield code="a">"The 22 papers assembled here give both an overview and fine detail. They are arranged in a broad geographical sweep across Europe and finishing with a few more technical and less geographically-focused papers. Taking Hüttenberg as the starting point, this sweep first goes north with three papers on early iron in Germany, then on through the Netherlands into France, moving back south to Switzerland and into Italy. A second sweep starts in Great Britain and takes in Scandinavia as well, before the book then finishes with the technical papers on smithing wastes and the role of manganese oxide in bloomery iron smelting, bringing the circle to a full close back to Hüttenberg and the famous ferrum Noricum."--Page 8.</subfield>
      </datafield>
      <datafield tag="650" ind1=" " ind2="0">
         <subfield code="a">Iron age</subfield>
         <subfield code="z">Europe</subfield>
         <subfield code="v">Congresses.</subfield>
      </datafield>
      <datafield tag="650" ind1=" " ind2="0">
         <subfield code="a">Iron industry and trade</subfield>
         <subfield code="z">Europe</subfield>
         <subfield code="x">History</subfield>
         <subfield code="y">To 1500</subfield>
         <subfield code="v">Congresses.</subfield>
      </datafield>
      <datafield tag="650" ind1=" " ind2="0">
         <subfield code="a">Iron mines and mining</subfield>
         <subfield code="z">Europe</subfield>
         <subfield code="x">History</subfield>
         <subfield code="y">To 1500</subfield>
         <subfield code="v">Congresses.</subfield>
      </datafield>
      <datafield tag="650" ind1=" " ind2="0">
         <subfield code="a">Europe</subfield>
         <subfield code="x">Antiquities</subfield>
         <subfield code="v">Congresses.</subfield>
      </datafield>
      <datafield tag="700" ind1="1" ind2=" ">
         <subfield code="a">Cech, Brigitte,</subfield>
         <subfield code="d">1956-</subfield>
         <subfield code="e">editor.</subfield>
      </datafield>
      <datafield tag="700" ind1="1" ind2=" ">
         <subfield code="a">Rehren, Thilo,</subfield>
         <subfield code="e">editor.</subfield>
      </datafield>
      <datafield tag="830" ind1=" " ind2="0">
         <subfield code="a">Monographies instrumentum ;</subfield>
         <subfield code="v">50.</subfield>
      </datafield>
      <datafield tag="OWN" ind1=" " ind2=" ">
         <subfield code="a">GENERAL</subfield>
      </datafield>
      <datafield tag="AVA" ind1=" " ind2=" ">
         <subfield code="a">NYU50</subfield>
         <subfield code="b">NISAW</subfield>
         <subfield code="c">Large Collection</subfield>
         <subfield code="d">TN405.A1 E27 2014</subfield>
         <subfield code="e">available</subfield>
         <subfield code="t">Available</subfield>
         <subfield code="f">1</subfield>
         <subfield code="g">0</subfield>
         <subfield code="h">N</subfield>
         <subfield code="i">0</subfield>
         <subfield code="j">LARGE</subfield>
         <subfield code="k">0</subfield>
      </datafield>
      <marc:datafield tag="852" ind1=" " ind2=" ">
         <marc:subfield code="b">Institute for the Study of the Ancient World, </marc:subfield>
         <marc:subfield code="c">Large Collection</marc:subfield>
         <marc:subfield code="e">15 East 84th St., </marc:subfield>
         <marc:subfield code="e">New York, NY  10028</marc:subfield>
      </marc:datafield>
   </record>