
  
  
  
  
  
 
  
  <record xsi:schemaLocation="http://www.loc.gov/MARC21/slim http://www.loc.gov/standards/marcxml/schema/MARC21slim.xsd">
      <leader>00000cam a22      a 4500</leader>
      <controlfield tag="FMT">BK</controlfield>
      <controlfield tag="LDR">00000cam a22      a 4500</controlfield>
      <controlfield tag="001">004198033</controlfield>
      <controlfield tag="005">20151030135740.0</controlfield>
      <controlfield tag="008">151021s2008    fr abe e b    100 0 fre c</controlfield>
      <datafield tag="020" ind1=" " ind2=" ">
         <subfield code="a">9782355180057 (pbk.)</subfield>
      </datafield>
      <datafield tag="020" ind1=" " ind2=" ">
         <subfield code="a">2355180059 (pbk.)</subfield>
      </datafield>
      <datafield tag="035" ind1=" " ind2=" ">
         <subfield code="a">(OCoLC)234041173</subfield>
      </datafield>
      <datafield tag="040" ind1=" " ind2=" ">
         <subfield code="a">AUXAM</subfield>
         <subfield code="b">eng</subfield>
         <subfield code="c">AUXAM</subfield>
         <subfield code="d">TZT</subfield>
         <subfield code="d">ERASP</subfield>
         <subfield code="d">TOZ</subfield>
         <subfield code="d">NLGGC</subfield>
         <subfield code="d">CUD</subfield>
         <subfield code="d">OCLCQ</subfield>
         <subfield code="d">OCLCO</subfield>
         <subfield code="d">OCLCQ</subfield>
         <subfield code="d">DEBBG</subfield>
         <subfield code="d">NNU</subfield>
      </datafield>
      <datafield tag="042" ind1=" " ind2=" ">
         <subfield code="a">pcc</subfield>
      </datafield>
      <datafield tag="043" ind1=" " ind2=" ">
         <subfield code="a">e-fr---</subfield>
         <subfield code="a">e------</subfield>
      </datafield>
      <datafield tag="050" ind1=" " ind2="4">
         <subfield code="a">DG59.G2</subfield>
         <subfield code="b">A73 2008</subfield>
      </datafield>
      <datafield tag="082" ind1="0" ind2="4">
         <subfield code="a">937</subfield>
         <subfield code="2">21</subfield>
      </datafield>
      <datafield tag="084" ind1=" " ind2=" ">
         <subfield code="a">11.19</subfield>
         <subfield code="2">bcl</subfield>
      </datafield>
      <datafield tag="084" ind1=" " ind2=" ">
         <subfield code="a">15.34</subfield>
         <subfield code="2">bcl</subfield>
      </datafield>
      <datafield tag="084" ind1=" " ind2=" ">
         <subfield code="a">6,11</subfield>
         <subfield code="2">ssgn</subfield>
      </datafield>
      <datafield tag="084" ind1=" " ind2=" ">
         <subfield code="a">LG 6600</subfield>
         <subfield code="2">rvk</subfield>
      </datafield>
      <datafield tag="084" ind1=" " ind2=" ">
         <subfield code="a">NH 7755</subfield>
         <subfield code="2">rvk</subfield>
      </datafield>
      <datafield tag="245" ind1="0" ind2="0">
         <subfield code="a">Archéologie du sacrifice animal en Gaule romaine :</subfield>
         <subfield code="b">rituels et pratiques alimentaires /</subfield>
         <subfield code="c">sous la direction de Sébastien Lepetz et William van Andringa.</subfield>
      </datafield>
      <datafield tag="260" ind1=" " ind2=" ">
         <subfield code="a">Montagnac :</subfield>
         <subfield code="b">M. Mergoil,</subfield>
         <subfield code="c">2008.</subfield>
      </datafield>
      <datafield tag="300" ind1=" " ind2=" ">
         <subfield code="a">306 pages :</subfield>
         <subfield code="b">illustrations, maps, plans ;</subfield>
         <subfield code="c">30 cm.</subfield>
      </datafield>
      <datafield tag="336" ind1=" " ind2=" ">
         <subfield code="a">text</subfield>
         <subfield code="b">txt</subfield>
         <subfield code="2">rdacontent</subfield>
      </datafield>
      <datafield tag="337" ind1=" " ind2=" ">
         <subfield code="a">unmediated</subfield>
         <subfield code="b">n</subfield>
         <subfield code="2">rdamedia</subfield>
      </datafield>
      <datafield tag="338" ind1=" " ind2=" ">
         <subfield code="a">volume</subfield>
         <subfield code="b">nc</subfield>
         <subfield code="2">rdacarrier</subfield>
      </datafield>
      <datafield tag="490" ind1="1" ind2=" ">
         <subfield code="a">Archéologie des plantes et des animaux ;</subfield>
         <subfield code="v">2</subfield>
      </datafield>
      <datafield tag="500" ind1=" " ind2=" ">
         <subfield code="a">Papers originally presented at a round table held at the Muséum national d'histoire naturelle de Paris in Oct. 2002.</subfield>
      </datafield>
      <datafield tag="504" ind1=" " ind2=" ">
         <subfield code="a">Includes bibliographical references.</subfield>
      </datafield>
      <datafield tag="505" ind1="0" ind2="0">
         <subfield code="g">Partie 1:</subfield>
         <subfield code="t">Caractériser le sacrifice et les rituels alimentaires en Gaule romaine.</subfield>
         <subfield code="t">Les os et le sacrifice: problèmes de méthode /</subfield>
         <subfield code="r">S. Lepetz, W. Van Andringa --</subfield>
         <subfield code="t">La cuisine du sacrifice en pays gallo-roman /</subfield>
         <subfield code="r">W. Van Andringa --</subfield>
         <subfield code="t">Les images sacrificielles en Gaule romaine /</subfield>
         <subfield code="r">V. Huet --</subfield>
         <subfield code="g">Partie 2:</subfield>
         <subfield code="t">Des Sanctuaires et des os: diversité des contextes, diversité des pratiques.</subfield>
         <subfield code="t">De la diversité des contextes: les os animaux du sanctuaire de Ménestreau (Nièvre) et leur environnement /</subfield>
         <subfield code="r">A. Argant, M. Bonneau, M. Jeannet, T. Argant, J. Wiethold, M. Prost, J. Argant --</subfield>
         <subfield code="t">De la diversité des contextes: les os animaux des sanctuaires de l'agglomération de Châteaubleau /</subfield>
         <subfield code="r">R. Bontrond, J.-C. LeBlay, S. Lepetz, F. Parthuisot, F. Pilon, W. Van Andringa --</subfield>
         <subfield code="t">Allonnes: les os animaux provenant des phases de construction et de fréquentation du sanctuaire de Mars Mullo /</subfield>
         <subfield code="r">V. Brouquier-Reddé, K. Gruel, F. Poupon --</subfield>
         <subfield code="t">Holocaustes et autres offrandes alimentaires dans le sanctuaire d'Isis et Magna Mater à Mayence --</subfield>
         <subfield code="r">M. Hochmuth, M. Witteyer --</subfield>
      </datafield>
      <datafield tag="505" ind1="8" ind2="0">
         <subfield code="t">Des sacrifices en contexte domestique ? La question de l'identification des dépôts alimentaire de Rennes-Condate /</subfield>
         <subfield code="r">S. Lepetz, D. Pouille avec la coll. de F. Labaune --</subfield>
         <subfield code="t">Des rituels alimentaires en context funéraire: l'exemple de quelques né à incinération gallo-romaines /</subfield>
         <subfield code="r">Cl. Olive --</subfield>
         <subfield code="g">Parties 3:</subfield>
         <subfield code="t">Entre passé gaulois et présent romain: évolution des pratiques sacrificielles.</subfield>
         <subfield code="t">Sacrifices d'animaux, traditions gauloises et influences romaines /</subfield>
         <subfield code="r">P. Méniel --</subfield>
         <subfield code="t">Des sacrifices sans consommation: les dépôts d'animaux non consommés en Gaule romaine /</subfield>
         <subfield code="r">S. Lepetz, P. Méniel --</subfield>
         <subfield code="t">Banquets gaulois, sacrifices romains dans le sanctuaire de Corent /</subfield>
         <subfield code="r">M. Poux, S. Foucras avec la coll. de M. Demierre et M. Garcia --</subfield>
         <subfield code="t">Sacrifices dans une ville en chantire: les os animaux du santuaire augusto-tibérien de Limoges /</subfield>
         <subfield code="r">C. Vallet, C. Maniquet, J.-P. Loustand --</subfield>
         <subfield code="g">Partie 4:</subfield>
         <subfield code="t">Des bouchers, des cuisiniers et des dévots: sacrifices et consommation dans les sanctuaires.</subfield>
         <subfield code="t">Manger dans les sanctuaires: salaisons et viande fraîche à Ribemont-sur-Ancre /</subfield>
         <subfield code="r">G. Feroq du Leslay, S. Lepetz --</subfield>
         <subfield code="t">Manger dans les sanctuaires: La cuisine de Blicquy /</subfield>
         <subfield code="r">N. Paridaens, E. Gillet, F. Pigière, C. Laurent, M. Udrescu --</subfield>
         <subfield code="t">Sanctuaire et activités de boucherie sur le site de La Bauve à Meaux /</subfield>
         <subfield code="r">S. Lepetz, D. Magnan --</subfield>
      </datafield>
      <datafield tag="505" ind1="8" ind2="0">
         <subfield code="t">Sacrifice et boucherie dans le sanctuaire de Jouars-Ponchartrain /</subfield>
         <subfield code="r">O. Blin, S. Lepetz --</subfield>
         <subfield code="t">Vestiges de repas et identification d'un siège de collège à Arras-Nemetacum /</subfield>
         <subfield code="r">A. Jacques, S. Lepetz, W. Van Andringa, V. Matterne, M. Tuffreau-Libre --</subfield>
         <subfield code="g">Partie 5:</subfield>
         <subfield code="t">Des repas au centre du rituel: La Cuisine de Mithra.</subfield>
         <subfield code="t">Honorer Mithra en mangeant: la cuisine du mithraeum de Septeuil /</subfield>
         <subfield code="r">M.-A. Gaidon-Bunuel, P. Cailliat --</subfield>
         <subfield code="t">Honorer Mithra en mangeant: Le menu des mithriastes d'Orbe et de Martigny /</subfield>
         <subfield code="r">C. Olive --</subfield>
         <subfield code="t">Vestiges d'un festin en l'honneur de Mithra et autres dépôts rituels dans le vicus de Tirlemont /</subfield>
         <subfield code="r">M. Martens, A. Lentacker, A. Ervynck --</subfield>
         <subfield code="g">Epilogue:</subfield>
         <subfield code="t">La fin des sacrifices.</subfield>
         <subfield code="t">Sacrifice animal et offrandes alimentaires en Gaule mérovingienne /</subfield>
         <subfield code="r">A. Dierkens, C. LeBec, P.Périn.</subfield>
      </datafield>
      <datafield tag="650" ind1=" " ind2="0">
         <subfield code="a">Animal remains (Archaeology)</subfield>
         <subfield code="z">Gaul</subfield>
         <subfield code="v">Congresses.</subfield>
      </datafield>
      <datafield tag="650" ind1=" " ind2="0">
         <subfield code="a">Animal sacrifice</subfield>
         <subfield code="z">Gaul</subfield>
         <subfield code="v">Congresses.</subfield>
      </datafield>
      <datafield tag="650" ind1=" " ind2="0">
         <subfield code="a">Rites and ceremonies</subfield>
         <subfield code="z">Gaul</subfield>
         <subfield code="v">Congresses.</subfield>
      </datafield>
      <datafield tag="650" ind1=" " ind2="0">
         <subfield code="a">Romans</subfield>
         <subfield code="z">France</subfield>
         <subfield code="v">Congresses.</subfield>
      </datafield>
      <datafield tag="651" ind1=" " ind2="0">
         <subfield code="a">Gaul</subfield>
         <subfield code="x">Antiquities, Roman</subfield>
         <subfield code="v">Congresses.</subfield>
      </datafield>
      <datafield tag="700" ind1="1" ind2=" ">
         <subfield code="a">Lepetz, Sébastien.</subfield>
      </datafield>
      <datafield tag="700" ind1="1" ind2=" ">
         <subfield code="a">Van Andringa, William.</subfield>
      </datafield>
      <datafield tag="830" ind1=" " ind2="0">
         <subfield code="a">Archéologie des plantes et des animaux ;</subfield>
         <subfield code="v">2.</subfield>
      </datafield>
      <datafield tag="856" ind1="4" ind2=" ">
         <subfield code="u">http://bvbr.bib-bvb.de:8991/F?func=service&amp;doc_library=BVB01&amp;local_base=BVB01&amp;doc_number=016960103&amp;line_number=0001&amp;func_code=DB_RECORDS&amp;service_type=MEDIA</subfield>
         <subfield code="z">Inhaltsverzeichnis</subfield>
      </datafield>
      <datafield tag="OWN" ind1=" " ind2=" ">
         <subfield code="a">GENERAL</subfield>
      </datafield>
      <datafield tag="AVA" ind1=" " ind2=" ">
         <subfield code="a">NYU50</subfield>
         <subfield code="b">NISAW</subfield>
         <subfield code="c">Large Collection</subfield>
         <subfield code="d">DG59.G2 A73 2008</subfield>
         <subfield code="e">available</subfield>
         <subfield code="t">Available</subfield>
         <subfield code="f">1</subfield>
         <subfield code="g">0</subfield>
         <subfield code="h">N</subfield>
         <subfield code="i">0</subfield>
         <subfield code="j">LARGE</subfield>
         <subfield code="k">0</subfield>
      </datafield>
      <marc:datafield tag="852" ind1=" " ind2=" ">
         <marc:subfield code="b">Institute for the Study of the Ancient World, </marc:subfield>
         <marc:subfield code="c">Large Collection</marc:subfield>
         <marc:subfield code="e">15 East 84th St., </marc:subfield>
         <marc:subfield code="e">New York, NY  10028</marc:subfield>
      </marc:datafield>
   </record>