
  
  
  
  
  
 
  
  <record xsi:schemaLocation="http://www.loc.gov/MARC21/slim http://www.loc.gov/standards/marcxml/schema/MARC21slim.xsd">
      <leader>00000cam  2200961 a 4500</leader>
      <controlfield tag="FMT">BK</controlfield>
      <controlfield tag="LDR">00000cam  2200961 a 4500</controlfield>
      <controlfield tag="001">004198051</controlfield>
      <controlfield tag="003">OCoLC</controlfield>
      <controlfield tag="005">20151021153102.0</controlfield>
      <controlfield tag="008">151021s2005    fr af    b    101 0 fre c</controlfield>
      <datafield tag="010" ind1=" " ind2=" ">
         <subfield code="a">2006418163</subfield>
      </datafield>
      <datafield tag="020" ind1=" " ind2=" ">
         <subfield code="a">2855396530</subfield>
      </datafield>
      <datafield tag="020" ind1=" " ind2=" ">
         <subfield code="a">9782855396538</subfield>
      </datafield>
      <datafield tag="035" ind1=" " ind2=" ">
         <subfield code="a">(OCoLC)62176129</subfield>
      </datafield>
      <datafield tag="040" ind1=" " ind2=" ">
         <subfield code="a">TZT</subfield>
         <subfield code="b">eng</subfield>
         <subfield code="c">YUS</subfield>
         <subfield code="d">TZT</subfield>
         <subfield code="d">DLC</subfield>
         <subfield code="d">CGU</subfield>
         <subfield code="d">OHX</subfield>
         <subfield code="d">LVB</subfield>
         <subfield code="d">GEBAY</subfield>
         <subfield code="d">OCLCQ</subfield>
         <subfield code="d">OCLCF</subfield>
         <subfield code="d">OCLCQ</subfield>
         <subfield code="d">OCLCO</subfield>
         <subfield code="d">OCL</subfield>
         <subfield code="d">DEBBG</subfield>
         <subfield code="d">NNU</subfield>
      </datafield>
      <datafield tag="041" ind1="0" ind2=" ">
         <subfield code="a">fre</subfield>
         <subfield code="a">eng</subfield>
      </datafield>
      <datafield tag="042" ind1=" " ind2=" ">
         <subfield code="a">pcc</subfield>
      </datafield>
      <datafield tag="043" ind1=" " ind2=" ">
         <subfield code="a">a-cc---</subfield>
      </datafield>
      <datafield tag="050" ind1=" " ind2="4">
         <subfield code="a">DS731.S63</subfield>
         <subfield code="b">S64 2005</subfield>
      </datafield>
      <datafield tag="072" ind1=" " ind2="7">
         <subfield code="a">DS</subfield>
         <subfield code="2">lcco</subfield>
      </datafield>
      <datafield tag="082" ind1="1" ind2="4">
         <subfield code="a">951</subfield>
         <subfield code="2">1</subfield>
      </datafield>
      <datafield tag="084" ind1=" " ind2=" ">
         <subfield code="a">LB 48440</subfield>
         <subfield code="2">rvk</subfield>
      </datafield>
      <datafield tag="245" ind1="0" ind2="4">
         <subfield code="a">Les sogdiens en Chine /</subfield>
         <subfield code="c">sous la direction de Etienne de la Vaissière et Éric Trombert.</subfield>
      </datafield>
      <datafield tag="260" ind1=" " ind2=" ">
         <subfield code="a">Paris :</subfield>
         <subfield code="b">École française d'Extrême-Orient,</subfield>
         <subfield code="c">2005.</subfield>
      </datafield>
      <datafield tag="300" ind1=" " ind2=" ">
         <subfield code="a">444 pages, 20 color plates :</subfield>
         <subfield code="b">illustrations ;</subfield>
         <subfield code="c">28 cm.</subfield>
      </datafield>
      <datafield tag="336" ind1=" " ind2=" ">
         <subfield code="a">text</subfield>
         <subfield code="b">txt</subfield>
         <subfield code="2">rdacontent</subfield>
      </datafield>
      <datafield tag="337" ind1=" " ind2=" ">
         <subfield code="a">unmediated</subfield>
         <subfield code="b">n</subfield>
         <subfield code="2">rdamedia</subfield>
      </datafield>
      <datafield tag="338" ind1=" " ind2=" ">
         <subfield code="a">volume</subfield>
         <subfield code="b">nc</subfield>
         <subfield code="2">rdacarrier</subfield>
      </datafield>
      <datafield tag="490" ind1="1" ind2=" ">
         <subfield code="a">Etudes thématiques,</subfield>
         <subfield code="x">1269-8067 ;</subfield>
         <subfield code="v">17</subfield>
      </datafield>
      <datafield tag="546" ind1=" " ind2=" ">
         <subfield code="a">Contributions in French or English.</subfield>
      </datafield>
      <datafield tag="504" ind1=" " ind2=" ">
         <subfield code="a">Includes bibliographical references and index.</subfield>
      </datafield>
      <datafield tag="505" ind1="0" ind2="0">
         <subfield code="g">Introduction.</subfield>
         <subfield code="t">Les Sogdiens en Chine : quelques réflexions de méthode /</subfield>
         <subfield code="r">de la Vaissière Étienne.</subfield>
         <subfield code="g">[Part 1.]</subfield>
         <subfield code="t">Nouvelles découvertes de lits funéraires sogdiens de Chine.</subfield>
         <subfield code="t">Carvings on the stone outer coffin of Lord Shi of the Northern Zhou /</subfield>
         <subfield code="r">Yang Junkai --</subfield>
         <subfield code="t">Investigations on the Chinese version of the Sino-Sogdian bilingual inscription of the tomb of Lord Shi /</subfield>
         <subfield code="r">Sun Fuxi --</subfield>
         <subfield code="t">The Sogdian version of the new Xi'an inscription /</subfield>
         <subfield code="r">Yoshida Yutaka --</subfield>
         <subfield code="t">Réflexions sur les pratiques religieuses désignées sous le nom de xian /</subfield>
         <subfield code="r">Riboud Pénélope.</subfield>
         <subfield code="g">[Part 2.]</subfield>
         <subfield code="t">Études iconographiques.</subfield>
         <subfield code="t">Hutengwu and Huxuanwu : Sogdian dances in the Northern, Sui and Tang Dynasties /</subfield>
         <subfield code="r">Zhang Qingjie --</subfield>
         <subfield code="t">The Hejiacun treasure and Sogdian culture /</subfield>
         <subfield code="r">Qi Dongfang --</subfield>
         <subfield code="t">The self-image of the Sogdians /</subfield>
         <subfield code="r">Grenet Frantz --</subfield>
         <subfield code="t">From stone to silk : intercultural transformation of funerary furnishings among Eastern Asian peoples around 475-650 CE.</subfield>
         <subfield code="g">[Part 3.]</subfield>
         <subfield code="t">Marchands, soldats, vignerons.</subfield>
         <subfield code="t">Towards a new edition of the Sogdian ancient letters : ancient letter 1 /</subfield>
         <subfield code="r">Sims-Williams Nicholas --</subfield>
         <subfield code="t">Caravans and caravan leaders in Palmyra /</subfield>
         <subfield code="r">Dien Albert --</subfield>
         <subfield code="t">Sabao or Sabo : Sogdian caravan leaders in the wall-paintings in Buddhist caves /</subfield>
         <subfield code="r">Rong Xinjiang --</subfield>
         <subfield code="t">Sogdian merchants and Chinese Han merchants during the Tang Dynasty /</subfield>
         <subfield code="r">Arakawa Masaharu --</subfield>
         <subfield code="t">Military officers of Sogdian origin from the Tate Tang Dynasty to the period of Five Dynasties /</subfield>
         <subfield code="r">Moribe Yutaka --</subfield>
         <subfield code="t">Un vestige vivant de la présence sogdienne en Chine du Nord : le vignoble du Shanxi /</subfield>
         <subfield code="r">Trombert, Éric.</subfield>
      </datafield>
      <datafield tag="505" ind1="8" ind2="0">
         <subfield code="g">[Part 4.]</subfield>
         <subfield code="t">Le Bassin du Tarim.</subfield>
         <subfield code="t">The impact of the Silk Road trade on a local community : The Turfan oasis, 500-800 /</subfield>
         <subfield code="r">Hansen Valerie --</subfield>
         <subfield code="t">Documenting Sogdian society at Turfan in the seventh and eighth centuries : Tang Dynasty census records as a window on cultural distinction and change /</subfield>
         <subfield code="r">Skaff Jonathan --</subfield>
         <subfield code="t">Non-Han ethnic groups and their settlements in Dunhuang during the Late Tang and Five Dynasties /</subfield>
         <subfield code="r">Zheng Binglin --</subfield>
         <subfield code="t">Sogdians in Kucha, a study from archaeological and iconographical material /</subfield>
         <subfield code="r">Kageyama Etsuko.</subfield>
         <subfield code="g">[Part 5.]</subfield>
         <subfield code="t">Sogdiens, Chinois et Turcs.</subfield>
         <subfield code="t">A survey of the Turkic cemetery in Little Khonakhai /</subfield>
         <subfield code="r">Lin Meicun --</subfield>
         <subfield code="t">La monétarisation de la société türke (VIe-IXe siècle) : Influence chinoise, influence sogdienne /</subfield>
         <subfield code="r">Thierry François.</subfield>
      </datafield>
      <datafield tag="650" ind1=" " ind2="0">
         <subfield code="a">Sogdians</subfield>
         <subfield code="z">China</subfield>
         <subfield code="v">Congresses.</subfield>
      </datafield>
      <datafield tag="651" ind1=" " ind2="0">
         <subfield code="a">China</subfield>
         <subfield code="x">Civilization</subfield>
         <subfield code="y">221 B.C.-960 A.D.</subfield>
         <subfield code="v">Congresses.</subfield>
      </datafield>
      <datafield tag="651" ind1=" " ind2="0">
         <subfield code="a">Dunhuang (China)</subfield>
         <subfield code="x">Civilization</subfield>
         <subfield code="v">Congresses.</subfield>
      </datafield>
      <datafield tag="651" ind1=" " ind2="0">
         <subfield code="a">Silk Road</subfield>
         <subfield code="v">Congresses.</subfield>
      </datafield>
      <datafield tag="650" ind1=" " ind2="7">
         <subfield code="a">Civilization.</subfield>
         <subfield code="2">fast</subfield>
         <subfield code="0">(OCoLC)fst00862898.</subfield>
      </datafield>
      <datafield tag="650" ind1=" " ind2="7">
         <subfield code="a">Sogdians.</subfield>
         <subfield code="2">fast</subfield>
         <subfield code="0">(OCoLC)fst01124237.</subfield>
      </datafield>
      <datafield tag="651" ind1=" " ind2="7">
         <subfield code="a">Asia</subfield>
         <subfield code="z">Silk Road.</subfield>
         <subfield code="2">fast</subfield>
         <subfield code="0">(OCoLC)fst01243730.</subfield>
      </datafield>
      <datafield tag="651" ind1=" " ind2="7">
         <subfield code="a">China.</subfield>
         <subfield code="2">fast</subfield>
         <subfield code="0">(OCoLC)fst01206073.</subfield>
      </datafield>
      <datafield tag="651" ind1=" " ind2="7">
         <subfield code="a">China</subfield>
         <subfield code="z">Dunhuang.</subfield>
         <subfield code="2">fast</subfield>
         <subfield code="0">(OCoLC)fst01278691.</subfield>
      </datafield>
      <datafield tag="650" ind1=" " ind2="4">
         <subfield code="a">Sogdians / China.</subfield>
      </datafield>
      <datafield tag="651" ind1=" " ind2="4">
         <subfield code="a">China / Civilization / 221 B.C.-960 A.D.</subfield>
      </datafield>
      <datafield tag="651" ind1=" " ind2="4">
         <subfield code="a">Silk Road.</subfield>
      </datafield>
      <datafield tag="648" ind1=" " ind2="7">
         <subfield code="a">221 B.C. - 960 A.D.</subfield>
         <subfield code="2">fast.</subfield>
      </datafield>
      <datafield tag="655" ind1=" " ind2="7">
         <subfield code="a">Conference papers and proceedings.</subfield>
         <subfield code="2">fast</subfield>
         <subfield code="0">(OCoLC)fst01423772.</subfield>
      </datafield>
      <datafield tag="700" ind1="1" ind2=" ">
         <subfield code="a">Trombert, Eric.</subfield>
      </datafield>
      <datafield tag="700" ind1="1" ind2=" ">
         <subfield code="a">La Vaissière, Étienne de.</subfield>
      </datafield>
      <datafield tag="776" ind1="0" ind2="8">
         <subfield code="i">Online version:</subfield>
         <subfield code="t">Sogdiens en Chine.</subfield>
         <subfield code="d">Paris : École française d'Extrême-Orient, 2005</subfield>
         <subfield code="w">(OCoLC)681455737</subfield>
      </datafield>
      <datafield tag="830" ind1=" " ind2="0">
         <subfield code="a">Études thématiques ;</subfield>
         <subfield code="v">17.</subfield>
      </datafield>
      <datafield tag="856" ind1=" " ind2=" ">
         <subfield code="u">http://bvbr.bib-bvb.de:8991/F?func=service&amp;doc_library=BVB01&amp;local_base=BVB01&amp;doc_number=016581400&amp;line_number=0001&amp;func_code=DB_RECORDS&amp;service_type=MEDIA</subfield>
         <subfield code="z">Inhaltsverzeichnis</subfield>
      </datafield>
      <datafield tag="994" ind1=" " ind2=" ">
         <subfield code="a">Z0</subfield>
         <subfield code="b">ZYU</subfield>
      </datafield>
      <datafield tag="OWN" ind1=" " ind2=" ">
         <subfield code="a">GENERAL</subfield>
      </datafield>
      <datafield tag="AVA" ind1=" " ind2=" ">
         <subfield code="a">NYU50</subfield>
         <subfield code="b">NISAW</subfield>
         <subfield code="c">Small Collection</subfield>
         <subfield code="d">DS731.S63 S64 2005</subfield>
         <subfield code="e">available</subfield>
         <subfield code="t">Available</subfield>
         <subfield code="f">1</subfield>
         <subfield code="g">0</subfield>
         <subfield code="h">N</subfield>
         <subfield code="i">0</subfield>
         <subfield code="j">SMALL</subfield>
         <subfield code="k">0</subfield>
      </datafield>
      <marc:datafield tag="852" ind1=" " ind2=" ">
         <marc:subfield code="b">Institute for the Study of the Ancient World, </marc:subfield>
         <marc:subfield code="c">Small Collection</marc:subfield>
         <marc:subfield code="e">15 East 84th St., </marc:subfield>
         <marc:subfield code="e">New York, NY  10028</marc:subfield>
      </marc:datafield>
   </record>