
  
  
  
  
 
  
  <record xsi:schemaLocation="http://www.loc.gov/MARC21/slim http://www.loc.gov/standards/marcxml/schema/MARC21slim.xsd">
      <leader>00000cam a2200529 i 4500</leader>
      <controlfield tag="FMT">BK</controlfield>
      <controlfield tag="LDR">00000cam a2200529 i 4500</controlfield>
      <controlfield tag="001">004149042</controlfield>
      <controlfield tag="003">OCoLC</controlfield>
      <controlfield tag="005">20151124110339.0</controlfield>
      <controlfield tag="008">150515s2015    gw a     b    100 0 ger d</controlfield>
      <datafield tag="016" ind1="7" ind2=" ">
         <subfield code="a">1066784337</subfield>
         <subfield code="2">GyFmDB</subfield>
      </datafield>
      <datafield tag="020" ind1=" " ind2=" ">
         <subfield code="a">9783447103695 (hd.bd.)</subfield>
      </datafield>
      <datafield tag="020" ind1=" " ind2=" ">
         <subfield code="a">3447103698 (hd.bd.)</subfield>
      </datafield>
      <datafield tag="035" ind1="7" ind2=" ">
         <subfield code="a">har150098134</subfield>
      </datafield>
      <datafield tag="035" ind1="7" ind2=" ">
         <subfield code="a">ybp11422996</subfield>
      </datafield>
      <datafield tag="035" ind1=" " ind2=" ">
         <subfield code="a">(OCoLC)909274139</subfield>
         <subfield code="z">(OCoLC)907173322</subfield>
         <subfield code="z">(OCoLC)911487177</subfield>
      </datafield>
      <datafield tag="040" ind1=" " ind2=" ">
         <subfield code="a">OHX</subfield>
         <subfield code="b">eng</subfield>
         <subfield code="e">rda</subfield>
         <subfield code="c">OHX</subfield>
         <subfield code="d">OCLCO</subfield>
         <subfield code="d">BTCTA</subfield>
         <subfield code="d">ERASA</subfield>
         <subfield code="d">NLGGC</subfield>
         <subfield code="d">CGU</subfield>
         <subfield code="d">COO</subfield>
         <subfield code="d">YDXCP</subfield>
         <subfield code="d">ZYU</subfield>
         <subfield code="d">NNU</subfield>
      </datafield>
      <datafield tag="041" ind1="0" ind2=" ">
         <subfield code="a">eng</subfield>
         <subfield code="a">ger</subfield>
         <subfield code="a">fre</subfield>
      </datafield>
      <datafield tag="043" ind1=" " ind2=" ">
         <subfield code="a">f-ua---</subfield>
      </datafield>
      <datafield tag="050" ind1=" " ind2="4">
         <subfield code="a">BL2450.O7</subfield>
         <subfield code="b">L589 2015</subfield>
      </datafield>
      <datafield tag="072" ind1=" " ind2="7">
         <subfield code="a">BL</subfield>
         <subfield code="2">lcco</subfield>
      </datafield>
      <datafield tag="245" ind1="0" ind2="0">
         <subfield code="a">Liturgical texts for Osiris and the deceased in Late Period and Greco-Roman Egypt :</subfield>
         <subfield code="b">proceedings of the colloquiums at New York (ISAW), 6 May 2011, and Freudenstadt, 18-21 July 2012 = Liturgische Texte für Osiris und Verstorbene im spätzeitlichen Ägypten /</subfield>
         <subfield code="c">edited by Burkhard Backes and Jacco Dieleman.</subfield>
      </datafield>
      <datafield tag="246" ind1="3" ind2="1">
         <subfield code="a">Liturgische Texte für Osiris und Verstorbene im spätzeitlichen Ägypten</subfield>
      </datafield>
      <datafield tag="264" ind1=" " ind2="1">
         <subfield code="a">Wiesbaden :</subfield>
         <subfield code="b">Harrassowitz Verlag,</subfield>
         <subfield code="c">2015.</subfield>
      </datafield>
      <datafield tag="300" ind1=" " ind2=" ">
         <subfield code="a">viii, 312 pages :</subfield>
         <subfield code="b">illustrations ;</subfield>
         <subfield code="c">31 cm.</subfield>
      </datafield>
      <datafield tag="336" ind1=" " ind2=" ">
         <subfield code="a">text</subfield>
         <subfield code="b">txt</subfield>
         <subfield code="2">rdacontent</subfield>
      </datafield>
      <datafield tag="337" ind1=" " ind2=" ">
         <subfield code="a">unmediated</subfield>
         <subfield code="b">n</subfield>
         <subfield code="2">rdamedia</subfield>
      </datafield>
      <datafield tag="338" ind1=" " ind2=" ">
         <subfield code="a">volume</subfield>
         <subfield code="b">nc</subfield>
         <subfield code="2">rdacarrier</subfield>
      </datafield>
      <datafield tag="490" ind1="1" ind2=" ">
         <subfield code="a">Studien zur spätägyptischen Religion ;</subfield>
         <subfield code="v">Band 14</subfield>
      </datafield>
      <datafield tag="505" ind1="0" ind2="0">
         <subfield code="t">Current trends in the study of liturgical papyri /</subfield>
         <subfield code="r">Jacco Dieleman and Burkhard Backes.</subfield>
         <subfield code="g">[Part 1.]</subfield>
         <subfield code="t">Definitions, categories, and functions.</subfield>
         <subfield code="t">Gedanken zu Kategorien und Funktionspotentialen funerärer Ritualpapyri /</subfield>
         <subfield code="r">Burkhard Backes --</subfield>
         <subfield code="t">Funerär und liturgisch : Gedanken zur Verbindung von Inhalten, Funktionen und Verwendungsbereichen altägyptischer religiöser Texte /</subfield>
         <subfield code="r">Daniela Luft --</subfield>
         <subfield code="t">Prätexte funerärer Rituale : Königsliturgie, Tempelliturgie, Totenliturgie /</subfield>
         <subfield code="r">Martin Stadler.</subfield>
         <subfield code="g">[Part 2.]</subfield>
         <subfield code="t">The interface between temple and tomb.</subfield>
         <subfield code="t">Pro bono, contra malum - Gegen Seth heisst für Osiris? Abwehrrituale in Funerärpapyri (Urk. VI und verwandte Texte) /</subfield>
         <subfield code="r">Victoria Altmann-Wendling --</subfield>
         <subfield code="t">Deux versions monumentales de la liturgie des rites décadaires de Djémé provenant de Karnak /</subfield>
         <subfield code="r">Laurent Coulon --</subfield>
         <subfield code="t">The Spells against enemies in the papyrus of Pawerem (P. BM EA 10252) : a preliminary report /</subfield>
         <subfield code="r">Ann-Katrin Gill --</subfield>
         <subfield code="t">Das Mundöffnungsritual als Tempeltext und Funerärtext /</subfield>
         <subfield code="r">Joachim Friedrich Quack --</subfield>
         <subfield code="t">Whose ritual? Osirian texts and texts written for the deceased in P. BM EA 10209 : a case study /</subfield>
         <subfield code="r">Mark Smith --</subfield>
         <subfield code="t">Das Buch zur Verklärung des Ach /</subfield>
         <subfield code="r">Mareike Wagner.</subfield>
         <subfield code="g">[Part 3.]</subfield>
         <subfield code="t">Scribal practices.</subfield>
         <subfield code="t">Wordplay's place in mortuary liturgies : scribal devices in Papyrus W551 /</subfield>
         <subfield code="r">Yekaterina Barbash --</subfield>
         <subfield code="t">Scribal bricolage in the Artemis liturgical papyrus /</subfield>
         <subfield code="r">Jacco Dieleman --</subfield>
         <subfield code="t">Vignetten und Exzerpte in Osirisliturgien /</subfield>
         <subfield code="r">Andrea Kucharek --</subfield>
         <subfield code="t">Funktion, Verwendung und Entstehung der Textkomposition Balsamierungsritual /</subfield>
         <subfield code="r">Susanne Töpfer --</subfield>
         <subfield code="t">Des extraits du ritual de l'Ouverture de la bouche dans le P. Princeton pharaonic roll 10 /</subfield>
         <subfield code="r">Sandrine Vuilleumier.</subfield>
      </datafield>
      <datafield tag="546" ind1=" " ind2=" ">
         <subfield code="a">8 German, 5 English, 2 French contributions.</subfield>
      </datafield>
      <datafield tag="504" ind1=" " ind2=" ">
         <subfield code="a">Includes bibliographical references and indexes.</subfield>
      </datafield>
      <datafield tag="600" ind1="0" ind2="0">
         <subfield code="a">Osiris</subfield>
         <subfield code="c">(Egyptian deity)</subfield>
         <subfield code="x">Cult</subfield>
         <subfield code="v">Congresses.</subfield>
      </datafield>
      <datafield tag="650" ind1=" " ind2="0">
         <subfield code="a">Funeral rites and ceremonies, Ancient</subfield>
         <subfield code="z">Egypt</subfield>
         <subfield code="v">Congresses.</subfield>
      </datafield>
      <datafield tag="650" ind1=" " ind2="0">
         <subfield code="a">Egyptian language</subfield>
         <subfield code="x">Texts</subfield>
         <subfield code="v">Congresses.</subfield>
      </datafield>
      <datafield tag="651" ind1=" " ind2="0">
         <subfield code="a">Egypt</subfield>
         <subfield code="x">Religion</subfield>
         <subfield code="v">Congresses.</subfield>
      </datafield>
      <datafield tag="700" ind1="1" ind2=" ">
         <subfield code="a">Backes, Burkhard,</subfield>
         <subfield code="e">editor.</subfield>
      </datafield>
      <datafield tag="700" ind1="1" ind2=" ">
         <subfield code="a">Dieleman, Jacco,</subfield>
         <subfield code="e">editor.</subfield>
      </datafield>
      <datafield tag="710" ind1="2" ind2=" ">
         <subfield code="a">New York University.</subfield>
         <subfield code="b">Institute for the Study of the Ancient World,</subfield>
         <subfield code="e">host institution.</subfield>
      </datafield>
      <datafield tag="830" ind1=" " ind2="0">
         <subfield code="a">Studien zur spätägyptischen Religion ;</subfield>
         <subfield code="v">Bd. 14.</subfield>
      </datafield>
      <datafield tag="OWN" ind1=" " ind2=" ">
         <subfield code="a">GENERAL</subfield>
      </datafield>
      <datafield tag="AVA" ind1=" " ind2=" ">
         <subfield code="a">NYU50</subfield>
         <subfield code="b">BOBST</subfield>
         <subfield code="c">Main Collection</subfield>
         <subfield code="d">BL2450.O7 L589 2015</subfield>
         <subfield code="e">unavailable</subfield>
         <subfield code="t">Unavailable</subfield>
         <subfield code="f">1</subfield>
         <subfield code="g">1</subfield>
         <subfield code="h">N</subfield>
         <subfield code="i">0</subfield>
         <subfield code="j">MAIN</subfield>
         <subfield code="k">0</subfield>
      </datafield>
      <datafield tag="AVA" ind1=" " ind2=" ">
         <subfield code="a">NYU50</subfield>
         <subfield code="b">NISAW</subfield>
         <subfield code="c">Large Collection</subfield>
         <subfield code="d">BL2450.O7 L589 2015</subfield>
         <subfield code="e">available</subfield>
         <subfield code="t">Available</subfield>
         <subfield code="f">1</subfield>
         <subfield code="g">0</subfield>
         <subfield code="h">N</subfield>
         <subfield code="i">0</subfield>
         <subfield code="j">LARGE</subfield>
         <subfield code="k">0</subfield>
      </datafield>
      <marc:datafield tag="852" ind1=" " ind2=" ">
         <marc:subfield code="b">Institute for the Study of the Ancient World, </marc:subfield>
         <marc:subfield code="c">Large Collection</marc:subfield>
         <marc:subfield code="e">15 East 84th St., </marc:subfield>
         <marc:subfield code="e">New York, NY  10028</marc:subfield>
      </marc:datafield>
   </record>