
  
  
  
  
  
 
  
  <record xsi:schemaLocation="http://www.loc.gov/MARC21/slim http://www.loc.gov/standards/marcxml/schema/MARC21slim.xsd">
      <leader>00000nam a22      i 4500</leader>
      <controlfield tag="FMT">BK</controlfield>
      <controlfield tag="LDR">00000nam a22      i 4500</controlfield>
      <controlfield tag="001">004199543</controlfield>
      <controlfield tag="005">20151027094332.0</controlfield>
      <controlfield tag="008">151025s2013    fr abe   b    100 0 fre d</controlfield>
      <datafield tag="020" ind1=" " ind2=" ">
         <subfield code="a">9782355180378</subfield>
      </datafield>
      <datafield tag="020" ind1=" " ind2=" ">
         <subfield code="a">2355180377</subfield>
      </datafield>
      <datafield tag="040" ind1=" " ind2=" ">
         <subfield code="a">NNU</subfield>
         <subfield code="b">eng</subfield>
         <subfield code="e">rda</subfield>
         <subfield code="c">NNU</subfield>
      </datafield>
      <datafield tag="043" ind1=" " ind2=" ">
         <subfield code="a">e-fr---</subfield>
      </datafield>
      <datafield tag="050" ind1=" " ind2="4">
         <subfield code="a">DC63</subfield>
         <subfield code="b">.D375 2013</subfield>
      </datafield>
      <datafield tag="245" ind1="0" ind2="4">
         <subfield code="a">Les dépôts d'ossements animaux en France, de la fouille à l'interprétation :</subfield>
         <subfield code="b">actes de la table ronde de Bibracte, 15-17 octobre 2012 /</subfield>
         <subfield code="c">textes réunis par Ginette Auxiette et Patrice Méniel.</subfield>
      </datafield>
      <datafield tag="264" ind1=" " ind2="1">
         <subfield code="a">Montagnac :</subfield>
         <subfield code="b">Éditions Monique Mergoil,</subfield>
         <subfield code="c">2013.</subfield>
      </datafield>
      <datafield tag="300" ind1=" " ind2=" ">
         <subfield code="a">286 pages :</subfield>
         <subfield code="b">illustrations, maps, plans ;</subfield>
         <subfield code="c">30 cm.</subfield>
      </datafield>
      <datafield tag="336" ind1=" " ind2=" ">
         <subfield code="a">text</subfield>
         <subfield code="b">txt</subfield>
         <subfield code="2">rdacontent</subfield>
      </datafield>
      <datafield tag="337" ind1=" " ind2=" ">
         <subfield code="a">unmediated</subfield>
         <subfield code="b">n</subfield>
         <subfield code="2">rdamedia</subfield>
      </datafield>
      <datafield tag="338" ind1=" " ind2=" ">
         <subfield code="a">volume</subfield>
         <subfield code="b">nc</subfield>
         <subfield code="2">rdacarrier</subfield>
      </datafield>
      <datafield tag="490" ind1="1" ind2=" ">
         <subfield code="a">Archéologie des plantes et des animaux ;</subfield>
         <subfield code="v">4</subfield>
      </datafield>
      <datafield tag="500" ind1=" " ind2=" ">
         <subfield code="a">Published on the occasion of the Bibracte meeting, Oct. 15-17, 2012.</subfield>
      </datafield>
      <datafield tag="504" ind1=" " ind2=" ">
         <subfield code="a">Includes bibliographical references.</subfield>
      </datafield>
      <datafield tag="505" ind1="0" ind2="0">
         <subfield code="g">1. Études de cas.</subfield>
         <subfield code="t">Les dépôts de chevaux du site hallstattien de Marlenheim "Domaine de la Couronne d'Or" (Bas-Rhin) /</subfield>
         <subfield code="r">Alessio Bandelli, Patrice Méniel et Yohann Thomas --</subfield>
         <subfield code="t">La caractérisation des dépôts animaux de La Tène ancienne à Geispolsheim "Schwobenfeld" (Bas-Rhin) /</subfield>
         <subfield code="r">Olivier Putelat et Michaël Landolt --</subfield>
         <subfield code="t">(25)0- Sacrifices et repas communautaires sur le site du Mesnil-Aubry "Le Bois Bouchard IV" (Val-d'Oise) /</subfield>
         <subfield code="r">Gaetan Jouanin et Caroline Touquet Laporte-Cassagne --</subfield>
         <subfield code="t">Un ensemble d'inhumations associant un chien et un mouton dans l'environnement d'un sanctuaire gallo-romain à Pannes "Plateville" (Loiret) /</subfield>
         <subfield code="r">Grégory Bayle et Eric Frénée --</subfield>
         <subfield code="t">Les dépôts animaux des abords du théâtre romain de Mandeure-Mathay (Doubs) /</subfield>
         <subfield code="r">Laetitia Huguet --</subfield>
         <subfield code="t">Les dépôts animaux de fossé gallo-romain de Meistratzheim (Bas-Rhin) /</subfield>
         <subfield code="r">Emeline Broc et Axelle Murer --</subfield>
      </datafield>
      <datafield tag="505" ind1="0" ind2="0">
         <subfield code="t">Un bilan des connaissances sur les épizooties au Moyen Âge et un épisode de mort extraordinaire de bovins à Luxé (Charente) durant l'époque mérovingienne /</subfield>
         <subfield code="t">Un dépôt de bovins sur le sire antique de "Chanteloup" à Moissy-Cramayel (Seine et Marne) /</subfield>
         <subfield code="r">Olivier Cotté et Gilles Desayaud --</subfield>
         <subfield code="t">Quelques dépôts d'animaux de l'antiquité à l'époque moderne dans le nord-est de la France /</subfield>
         <subfield code="r">Caroline Lachiche --</subfield>
         <subfield code="r">Sylvain Renou, Cédric Beauval et Marie Maury --</subfield>
         <subfield code="t">Inhumations de bovins sur le site médiéval et moderne d'Auby "l'Îlot Béguinage" (Nord) /</subfield>
         <subfield code="r">Sophie Lefebvre --</subfield>
         <subfield code="t">Dix fosses er douze bovins témoignant d'un épisode de mortalité en masse à Camphin-en-Carembault (Nord, XVe-XVIIe s.) /</subfield>
         <subfield code="r">Tarek Oueslati et Christine Denimal --</subfield>
         <subfield code="g">2. Synthèses thématiques, régionales ou chronologiques.</subfield>
         <subfield code="t">Évolution des dépôts du Néolithique à l'Antiquité tardive en contexte non funéraire : un premier état des lieux /</subfield>
         <subfield code="r">Ginette Auxiette --</subfield>
         <subfield code="t">Les dépôts de faune dans les enceintes néolithiques Michelsberg dans le Nord de la France et en Allemagne /</subfield>
         <subfield code="r">Svenja Höltkemeier avec la collaboration de Lamys Hachem --</subfield>
         <subfield code="t">Les dépôts d'animaux en fosse circulaire du Néolithique récent dans la Plaine du Rhin supérieur: les données des fouilles récentes /</subfield>
         <subfield code="r">Rose-Marie Arbogast, Christian Jeunesse, Anthony Denaire et Philippe Lefranc --</subfield>
      </datafield>
      <datafield tag="505" ind1="0" ind2="0">
         <subfield code="t">Les dépôts particuliers d'équidés à l'âge du fer en région Centre /</subfield>
         <subfield code="r">Grégory Bayle et Maryline Salin --</subfield>
         <subfield code="t">Dépositions d'animaux et processus rituels chez les Auvernes (IIe s. av. - Ier s. ap. J.-C.) /</subfield>
         <subfield code="r">Sylvain Foucras --</subfield>
         <subfield code="t">Inhumations de chevaux chez les Arvenes (IIe s. av. - Ier s. ap. J.-C.) /</subfield>
         <subfield code="r">Sylvain Foucras --</subfield>
         <subfield code="t">Des accumulations de cadavres d'équidés aux portes des villes romaines: pratiques hygiénistes, récupération de matières premières et équarrissage /</subfield>
         <subfield code="r">Sébastien Lepetz, Julie Rivière et Stéphane Frère --</subfield>
         <subfield code="t">Archéologie des dépôts animaux et mortalité extraordinaire du cheptel bovin au prmier Moyen Âge. Plaidoyer pur une redynamization et une mise en perspective de la recherche /</subfield>
         <subfield code="r">Olivier Putelat --</subfield>
         <subfield code="t">Approche méthodologique des mortalités de masse ovines en archéologie /</subfield>
         <subfield code="r">Annelise Binois.</subfield>
      </datafield>
      <datafield tag="650" ind1=" " ind2="0">
         <subfield code="a">Animal remains (Archaeology)</subfield>
         <subfield code="z">France</subfield>
         <subfield code="v">Congresses.</subfield>
      </datafield>
      <datafield tag="650" ind1=" " ind2="0">
         <subfield code="a">Animals, Fossil</subfield>
         <subfield code="z">France</subfield>
         <subfield code="v">Congresses.</subfield>
      </datafield>
      <datafield tag="651" ind1=" " ind2="0">
         <subfield code="a">France</subfield>
         <subfield code="x">Antiquities, Roman</subfield>
         <subfield code="v">Congresses.</subfield>
      </datafield>
      <datafield tag="651" ind1=" " ind2="0">
         <subfield code="a">France</subfield>
         <subfield code="x">Antiquities</subfield>
         <subfield code="v">Congresses.</subfield>
      </datafield>
      <datafield tag="700" ind1="1" ind2=" ">
         <subfield code="a">Auxiette, Ginette,</subfield>
         <subfield code="e">editor.</subfield>
      </datafield>
      <datafield tag="700" ind1="1" ind2=" ">
         <subfield code="a">Méniel, Patrice,</subfield>
         <subfield code="e">editor.</subfield>
      </datafield>
      <datafield tag="830" ind1=" " ind2="0">
         <subfield code="a">Archéologie des plantes et des animaux ;</subfield>
         <subfield code="v">4.</subfield>
      </datafield>
      <datafield tag="OWN" ind1=" " ind2=" ">
         <subfield code="a">GENERAL</subfield>
      </datafield>
      <datafield tag="AVA" ind1=" " ind2=" ">
         <subfield code="a">NYU50</subfield>
         <subfield code="b">NISAW</subfield>
         <subfield code="c">Large Collection</subfield>
         <subfield code="d">DC63 .D375 2013</subfield>
         <subfield code="e">available</subfield>
         <subfield code="t">Available</subfield>
         <subfield code="f">1</subfield>
         <subfield code="g">0</subfield>
         <subfield code="h">N</subfield>
         <subfield code="i">0</subfield>
         <subfield code="j">LARGE</subfield>
         <subfield code="k">0</subfield>
      </datafield>
      <marc:datafield tag="852" ind1=" " ind2=" ">
         <marc:subfield code="b">Institute for the Study of the Ancient World, </marc:subfield>
         <marc:subfield code="c">Large Collection</marc:subfield>
         <marc:subfield code="e">15 East 84th St., </marc:subfield>
         <marc:subfield code="e">New York, NY  10028</marc:subfield>
      </marc:datafield>
   </record>