
  
  
  
  
  
  
 
  
  <record xsi:schemaLocation="http://www.loc.gov/MARC21/slim http://www.loc.gov/standards/marcxml/schema/MARC21slim.xsd">
      <leader>00000cam a22      a 4500</leader>
      <controlfield tag="FMT">BK</controlfield>
      <controlfield tag="LDR">00000cam a22      a 4500</controlfield>
      <controlfield tag="001">004199548</controlfield>
      <controlfield tag="005">20151028092034.0</controlfield>
      <controlfield tag="008">151025s2002    fr ab    b    010 0 fre c</controlfield>
      <datafield tag="020" ind1=" " ind2=" ">
         <subfield code="a">2907303651</subfield>
      </datafield>
      <datafield tag="020" ind1=" " ind2=" ">
         <subfield code="a">9782907303651</subfield>
      </datafield>
      <datafield tag="035" ind1=" " ind2=" ">
         <subfield code="a">(OCoLC)50960468</subfield>
      </datafield>
      <datafield tag="040" ind1=" " ind2=" ">
         <subfield code="a">PUL</subfield>
         <subfield code="b">eng</subfield>
         <subfield code="c">PUL</subfield>
         <subfield code="d">TZT</subfield>
         <subfield code="d">CGU</subfield>
         <subfield code="d">OCLCQ</subfield>
         <subfield code="d">NLGGC</subfield>
         <subfield code="d">OCLCG</subfield>
         <subfield code="d">GEBAY</subfield>
         <subfield code="d">EUM</subfield>
         <subfield code="d">OCLCQ</subfield>
         <subfield code="d">OCLCO</subfield>
         <subfield code="d">OCLCF</subfield>
         <subfield code="d">OCLCQ</subfield>
         <subfield code="d">DEBBG</subfield>
         <subfield code="d">NNU</subfield>
      </datafield>
      <datafield tag="041" ind1=" " ind2=" ">
         <subfield code="a">fre</subfield>
         <subfield code="a">eng</subfield>
         <subfield code="a">ita</subfield>
      </datafield>
      <datafield tag="042" ind1=" " ind2=" ">
         <subfield code="a">pcc</subfield>
      </datafield>
      <datafield tag="043" ind1=" " ind2=" ">
         <subfield code="a">e-fr---</subfield>
      </datafield>
      <datafield tag="050" ind1=" " ind2="4">
         <subfield code="a">DC801.G75</subfield>
         <subfield code="b">C47 2002</subfield>
      </datafield>
      <datafield tag="072" ind1=" " ind2="7">
         <subfield code="a">D</subfield>
         <subfield code="2">lcco</subfield>
      </datafield>
      <datafield tag="082" ind1="1" ind2="4">
         <subfield code="a">937</subfield>
         <subfield code="2">1</subfield>
      </datafield>
      <datafield tag="084" ind1=" " ind2=" ">
         <subfield code="a">15.34</subfield>
         <subfield code="2">bcl</subfield>
      </datafield>
      <datafield tag="084" ind1=" " ind2=" ">
         <subfield code="a">21.88</subfield>
         <subfield code="2">bcl</subfield>
      </datafield>
      <datafield tag="084" ind1=" " ind2=" ">
         <subfield code="a">6,12</subfield>
         <subfield code="2">ssgn</subfield>
      </datafield>
      <datafield tag="084" ind1=" " ind2=" ">
         <subfield code="a">LE 3110</subfield>
         <subfield code="2">rvk</subfield>
      </datafield>
      <datafield tag="084" ind1=" " ind2=" ">
         <subfield code="a">LE 3184</subfield>
         <subfield code="2">rvk</subfield>
      </datafield>
      <datafield tag="245" ind1="0" ind2="0">
         <subfield code="a">Céramiques de la Graufesenque et autres productions d'époque romaine :</subfield>
         <subfield code="b">nouvelles recherches : hommages á Bettina Hoffmann /</subfield>
         <subfield code="c">sous la direction de Martine Genin et Alain Vernhet.</subfield>
      </datafield>
      <datafield tag="260" ind1=" " ind2=" ">
         <subfield code="a">Montagnac :</subfield>
         <subfield code="b">M. Mergoil,</subfield>
         <subfield code="c">2002.</subfield>
      </datafield>
      <datafield tag="300" ind1=" " ind2=" ">
         <subfield code="a">324 pages :</subfield>
         <subfield code="b">illustrations, maps ;</subfield>
         <subfield code="c">30 cm.</subfield>
      </datafield>
      <datafield tag="336" ind1=" " ind2=" ">
         <subfield code="a">text</subfield>
         <subfield code="b">txt</subfield>
         <subfield code="2">rdacontent</subfield>
      </datafield>
      <datafield tag="337" ind1=" " ind2=" ">
         <subfield code="a">unmediated</subfield>
         <subfield code="b">n</subfield>
         <subfield code="2">rdamedia</subfield>
      </datafield>
      <datafield tag="338" ind1=" " ind2=" ">
         <subfield code="a">volume</subfield>
         <subfield code="b">nc</subfield>
         <subfield code="2">rdacarrier</subfield>
      </datafield>
      <datafield tag="490" ind1="1" ind2=" ">
         <subfield code="a">Archéologie et histoire romaine,</subfield>
         <subfield code="x">1285-6371 ;</subfield>
         <subfield code="v">7</subfield>
      </datafield>
      <datafield tag="546" ind1=" " ind2=" ">
         <subfield code="a">Articles in French, English and Italian.</subfield>
      </datafield>
      <datafield tag="504" ind1=" " ind2=" ">
         <subfield code="a">Includes bibliographical references.</subfield>
      </datafield>
      <datafield tag="505" ind1="0" ind2="0">
         <subfield code="t">Hommage à Bettina Hoffman /</subfield>
         <subfield code="r">Allard Mees, traduction J.-L. Tilhard; et bibliographie --</subfield>
         <subfield code="t">N. Naevius Hilarus at Cumae /</subfield>
         <subfield code="r">P. Kenrick --</subfield>
         <subfield code="t">Un scyphus de Perennius /</subfield>
         <subfield code="r">A. Desbat --</subfield>
         <subfield code="t">Un calice de L. Sarius découvert à Fré (var) /</subfield>
         <subfield code="r">L. Rivet --</subfield>
         <subfield code="t">Ancora sui falsi aretini /</subfield>
         <subfield code="r">P. Porten Palange --</subfield>
         <subfield code="t">Importations de sigillées italiques et parois fines de type italique à la Graufesenque /</subfield>
         <subfield code="r">M. Genin, A. Vernhet --</subfield>
         <subfield code="t">Les productions anciennes de la Graufesenque /</subfield>
         <subfield code="r">M. Genin, B. Hoffmann, A. Vernhet --</subfield>
         <subfield code="t">Une fosse-cendrier augustéenne à la Graufesenque /</subfield>
         <subfield code="r">M. Genin, A. Vernhet --</subfield>
         <subfield code="t">Associations of potters on stamps from la Graufesenque /</subfield>
         <subfield code="r">B. Hartley --</subfield>
         <subfield code="t">Les modes de cuisson, les pâtes et les vernis de la Graufesenque: une mise au point /</subfield>
         <subfield code="r">M. Picon --</subfield>
      </datafield>
      <datafield tag="505" ind1="0" ind2="0">
         <subfield code="t">Observations sur la nature des argiles des sigillées anciennes de la Gaule du Sud /</subfield>
         <subfield code="r">C. Benevent, L. Dausse, M. Picon --</subfield>
         <subfield code="t">La diffraction des rayons X est-elle adaptée à l'étude des engolbes des sigillées /</subfield>
         <subfield code="r">Ph. Sciau, L. Vendier, E. Dooryhée --</subfield>
         <subfield code="t">La composition minérale des pâtes des sigillées de la Graufesenque: un bon moyen de déterminer la température de cuisson /</subfield>
         <subfield code="r">Ph. Sciau, A. Vezian --</subfield>
         <subfield code="t">La cuisson gallo-romaine en four à tubulures /</subfield>
         <subfield code="r">C. de Casas, J. Fernandes --</subfield>
         <subfield code="t">Un Drag.30 de la Graufesenque au décor non terminé à Poitiers /</subfield>
         <subfield code="a">J.-L. Tilhard --</subfield>
         <subfield code="t">Images simplifiées et stylistique iconographique: la gladiatue sur les Drag.37 au Haut Empire /</subfield>
         <subfield code="r">J.-M. Demarolle --</subfield>
         <subfield code="t">Law and practice: further thoughts on the organization of the potteries at la Graufesenque /</subfield>
         <subfield code="r">G. B. Dannell --</subfield>
         <subfield code="t">Journeys in south-west France in 1972-73 /</subfield>
         <subfield code="r">G. Simpson --</subfield>
      </datafield>
      <datafield tag="505" ind1="0" ind2="0">
         <subfield code="t">A group of Flavian samian from Caerleon /</subfield>
         <subfield code="r">B. Dickinson, P. V. Webster --</subfield>
         <subfield code="t">Condatomagus und Poetovio in Pannonien - zur gleichzeitigen Kermikproduktion /</subfield>
         <subfield code="r">I. M. Curk, M. Lubšina Tušek --</subfield>
         <subfield code="t">Les moules de Senilis au Rozier /</subfield>
         <subfield code="r">A. Bourgeois, M. Thualt --</subfield>
         <subfield code="t">Un vase en terre sigillé hispanique trouvé au Mas-d'Agenais (Lot-et-Garonne) /</subfield>
         <subfield code="r">T. Martin --</subfield>
         <subfield code="t">Les mortiers à mufle de lion en céramique claire dans la partie méridionale de la Cité de Nerviens: une réaction locale à l'invasion des Drag.45?</subfield>
         <subfield code="r">F. Loridant --</subfield>
         <subfield code="t">A group of mural-crown cult pots from south-east England /</subfield>
         <subfield code="r">J. Bird --</subfield>
         <subfield code="t">La cerámica "nacarada" romana en Pompaelo /</subfield>
         <subfield code="r">M. A. Mezquiriz Irujo --</subfield>
         <subfield code="t">Some aspects of Roman hand-made pottery in Dacia /</subfield>
         <subfield code="r">M. Negru</subfield>
      </datafield>
      <datafield tag="650" ind1=" " ind2="0">
         <subfield code="a">Pottery, Gallo-Roman</subfield>
         <subfield code="z">France</subfield>
         <subfield code="z">Millau.</subfield>
      </datafield>
      <datafield tag="651" ind1=" " ind2="0">
         <subfield code="a">Graufesenque Site (Millau, France)</subfield>
      </datafield>
      <datafield tag="651" ind1=" " ind2="0">
         <subfield code="a">Millau (France)</subfield>
         <subfield code="x">Antiquities, Roman.</subfield>
      </datafield>
      <datafield tag="700" ind1="1" ind2=" ">
         <subfield code="a">Hoffmann, Bettina,</subfield>
         <subfield code="d">1945-</subfield>
      </datafield>
      <datafield tag="700" ind1="1" ind2=" ">
         <subfield code="a">Genin, Martine.</subfield>
      </datafield>
      <datafield tag="700" ind1="1" ind2=" ">
         <subfield code="a">Vernhet, Alain.</subfield>
      </datafield>
      <datafield tag="830" ind1=" " ind2="0">
         <subfield code="a">Archéologie et histoire romaine ;</subfield>
         <subfield code="v">7.</subfield>
         <subfield code="x">1285-6371</subfield>
      </datafield>
      <datafield tag="856" ind1="4" ind2=" ">
         <subfield code="u">http://bvbr.bib-bvb.de:8991/F?func=service&amp;doc_library=BVB01&amp;local_base=BVB01&amp;doc_number=010156587&amp;line_number=0001&amp;func_code=DB_RECORDS&amp;service_type=MEDIA</subfield>
         <subfield code="z">Inhaltsverzeichnis</subfield>
      </datafield>
      <datafield tag="OWN" ind1=" " ind2=" ">
         <subfield code="a">GENERAL</subfield>
      </datafield>
      <datafield tag="AVA" ind1=" " ind2=" ">
         <subfield code="a">NYU50</subfield>
         <subfield code="b">NISAW</subfield>
         <subfield code="c">Large Collection</subfield>
         <subfield code="d">DC801.G75 C47 2002</subfield>
         <subfield code="e">available</subfield>
         <subfield code="t">Available</subfield>
         <subfield code="f">1</subfield>
         <subfield code="g">0</subfield>
         <subfield code="h">N</subfield>
         <subfield code="i">0</subfield>
         <subfield code="j">LARGE</subfield>
         <subfield code="k">0</subfield>
      </datafield>
      <marc:datafield tag="852" ind1=" " ind2=" ">
         <marc:subfield code="b">Institute for the Study of the Ancient World, </marc:subfield>
         <marc:subfield code="c">Large Collection</marc:subfield>
         <marc:subfield code="e">15 East 84th St., </marc:subfield>
         <marc:subfield code="e">New York, NY  10028</marc:subfield>
      </marc:datafield>
   </record>