
  
  
  
  
  
  
 
  
  <record xsi:schemaLocation="http://www.loc.gov/MARC21/slim http://www.loc.gov/standards/marcxml/schema/MARC21slim.xsd">
      <leader>00000cam  2200865 a 4500</leader>
      <controlfield tag="FMT">BK</controlfield>
      <controlfield tag="LDR">00000cam  2200865 a 4500</controlfield>
      <controlfield tag="001">004199780</controlfield>
      <controlfield tag="003">OCoLC</controlfield>
      <controlfield tag="005">20151026133241.0</controlfield>
      <controlfield tag="007">cr cnunnn|uu|u</controlfield>
      <controlfield tag="008">151026s2011    enk      b    001 0 eng d</controlfield>
      <datafield tag="010" ind1=" " ind2=" ">
         <subfield code="a">2011281543</subfield>
      </datafield>
      <datafield tag="015" ind1=" " ind2=" ">
         <subfield code="a">GBB021895</subfield>
         <subfield code="2">bnb</subfield>
      </datafield>
      <datafield tag="016" ind1="7" ind2=" ">
         <subfield code="a">015483581</subfield>
         <subfield code="2">Uk</subfield>
      </datafield>
      <datafield tag="020" ind1=" " ind2=" ">
         <subfield code="a">9780521518314 (hardback)</subfield>
      </datafield>
      <datafield tag="020" ind1=" " ind2=" ">
         <subfield code="a">0521518318 (hardback)</subfield>
      </datafield>
      <datafield tag="020" ind1=" " ind2=" ">
         <subfield code="a">9781107434820 (paperback)</subfield>
      </datafield>
      <datafield tag="035" ind1=" " ind2=" ">
         <subfield code="a">(OCoLC)709968975</subfield>
         <subfield code="z">(OCoLC)468978585</subfield>
         <subfield code="z">(OCoLC)767733856</subfield>
      </datafield>
      <datafield tag="040" ind1=" " ind2=" ">
         <subfield code="a">NhCcYBP</subfield>
         <subfield code="b">eng</subfield>
         <subfield code="c">N15</subfield>
         <subfield code="d">STF</subfield>
         <subfield code="d">UKM</subfield>
         <subfield code="d">BTCTA</subfield>
         <subfield code="d">YDXCP</subfield>
         <subfield code="d">CDX</subfield>
         <subfield code="d">BWX</subfield>
         <subfield code="d">NUI</subfield>
         <subfield code="d">IUL</subfield>
         <subfield code="d">VVC</subfield>
         <subfield code="d">DLC</subfield>
         <subfield code="d">UKMGB</subfield>
         <subfield code="d">MIX</subfield>
         <subfield code="d">FDA</subfield>
         <subfield code="d">IOJ</subfield>
         <subfield code="d">BDX</subfield>
         <subfield code="d">LHU</subfield>
         <subfield code="d">MNJ</subfield>
         <subfield code="d">CHVBK</subfield>
         <subfield code="d">OCLCF</subfield>
         <subfield code="d">OCLCQ</subfield>
         <subfield code="d">ERL</subfield>
         <subfield code="d">UBY</subfield>
         <subfield code="d">OCLCA</subfield>
         <subfield code="d">UBY</subfield>
         <subfield code="d">OCLCA</subfield>
         <subfield code="d">NLGGC</subfield>
         <subfield code="d">NNU</subfield>
      </datafield>
      <datafield tag="041" ind1="1" ind2=" ">
         <subfield code="a">eng</subfield>
         <subfield code="a">grc</subfield>
         <subfield code="h">grc</subfield>
      </datafield>
      <datafield tag="043" ind1=" " ind2=" ">
         <subfield code="a">e-gr---</subfield>
      </datafield>
      <datafield tag="050" ind1=" " ind2="4">
         <subfield code="a">BL785</subfield>
         <subfield code="b">.O77 2011</subfield>
      </datafield>
      <datafield tag="082" ind1="0" ind2="4">
         <subfield code="a">292.08</subfield>
         <subfield code="2">22</subfield>
      </datafield>
      <datafield tag="090" ind1=" " ind2=" ">
         <subfield code="a">DF129</subfield>
         <subfield code="b">.O77 2011</subfield>
      </datafield>
      <datafield tag="245" ind1="0" ind2="4">
         <subfield code="a">The "Orphic" gold tablets and Greek religion :</subfield>
         <subfield code="b">further along the path /</subfield>
         <subfield code="c">edited by Radcliffe G. Edmonds III.</subfield>
      </datafield>
      <datafield tag="260" ind1=" " ind2=" ">
         <subfield code="a">Cambridge ;</subfield>
         <subfield code="a">New York :</subfield>
         <subfield code="b">Cambridge University Press,</subfield>
         <subfield code="c">2011.</subfield>
      </datafield>
      <datafield tag="300" ind1=" " ind2=" ">
         <subfield code="a">x, 385 pages ;</subfield>
         <subfield code="c">24 cm</subfield>
      </datafield>
      <datafield tag="336" ind1=" " ind2=" ">
         <subfield code="a">text</subfield>
         <subfield code="b">txt</subfield>
         <subfield code="2">rdacontent</subfield>
      </datafield>
      <datafield tag="337" ind1=" " ind2=" ">
         <subfield code="a">unmediated</subfield>
         <subfield code="b">n</subfield>
         <subfield code="2">rdamedia</subfield>
      </datafield>
      <datafield tag="338" ind1=" " ind2=" ">
         <subfield code="a">volume</subfield>
         <subfield code="b">nc</subfield>
         <subfield code="2">rdacarrier</subfield>
      </datafield>
      <datafield tag="546" ind1=" " ind2=" ">
         <subfield code="a">Includes text in ancient Greek with English translation.</subfield>
      </datafield>
      <datafield tag="504" ind1=" " ind2=" ">
         <subfield code="a">Includes bibliographical references (pages 331-371) and indexes.</subfield>
      </datafield>
      <datafield tag="505" ind1="0" ind2="0">
         <subfield code="t">The tablet texts.</subfield>
         <subfield code="t">Who are you? A brief history of the scholarship ;</subfield>
         <subfield code="t">The "Orphic" gold tablets : texts and translations, with critical apparatus and tables /</subfield>
         <subfield code="r">Radcliffe G. Edmonds III --</subfield>
         <subfield code="t">Texts and contexts.</subfield>
         <subfield code="t">Text and ritual : the corpus eschatologicum of the Orphics /</subfield>
         <subfield code="r">Fritz Graf --</subfield>
         <subfield code="t">Are the "Orphic" gold leaves Orphic? /</subfield>
         <subfield code="r">Alberto Bernabé, Ana I. Jiménez San Cristóbal --</subfield>
         <subfield code="t">"A child of earth am I and of starry heaven" : concerning the anthropology of the Orphic gold tablets /</subfield>
         <subfield code="r">Hans Dieter Betz,</subfield>
         <subfield code="g">translated by</subfield>
         <subfield code="r">Maria Sturm --</subfield>
         <subfield code="t">Common motifs in the "Orphic" B tablets and Egyptian funerary texts : continuity or convergence? /</subfield>
         <subfield code="r">Thomas M. Dousa --</subfield>
         <subfield code="t">Center, periphery, or peripheral center : a Cretan connection for the gold lamellae of Crete /</subfield>
         <subfield code="r">Yannis Z. Tzifopoulos --</subfield>
         <subfield code="t">Semiotic and narrative analyses.</subfield>
         <subfield code="t">Funerary gold lamellae and Orphic papyrus commentaries : same use, different purpose /</subfield>
         <subfield code="r">Claude Calame,</subfield>
         <subfield code="g">translated by</subfield>
         <subfield code="r">Sarah Melker --</subfield>
         <subfield code="t">Initiation, death, underworld : narrative and ritual in the gold leaves /</subfield>
         <subfield code="r">Christoph Riedweg --</subfield>
         <subfield code="t">Sacred scripture or oracles for the dead? The semiotic situation of the "Orphic" gold tablets /</subfield>
         <subfield code="r">Radcliffe G. Edmonds III --</subfield>
         <subfield code="t">Dialogues of immortality from the Iliad to the gold leaves /</subfield>
         <subfield code="r">Miguel Herrero de Jáuregui --</subfield>
         <subfield code="t">Poetry and performance in the Orphic gold leaves /</subfield>
         <subfield code="r">Dirk Obbink --</subfield>
         <subfield code="t">Rushing into milk : new perspectives on the gold tablets /</subfield>
         <subfield code="r">Christopher A. Faraone.</subfield>
      </datafield>
      <datafield tag="520" ind1=" " ind2=" ">
         <subfield code="a">"The 'Orphic' gold tablets, tiny scraps of gold foil found in graves throughout the ancient Greek world, are some of the most fascinating and baffling pieces of evidence for ancient Greek religion. This collection brings together a number of previously published and unpublished studies from scholars around the world, making accessible to a wider audience some of the new methodologies being applied to the study of these tablets. The volume also contains an updated edition of the tablet texts, reflecting the most recent discoveries and accompanied by English translations and critical apparatus. This survey of trends in the scholarship, with an up-to-date bibliography, not only provides an introduction to the serious study of the tablets, but also illuminates their place within scholarship on ancient Greek religion."--Pub. desc.</subfield>
      </datafield>
      <datafield tag="530" ind1=" " ind2=" ">
         <subfield code="a">Also published online.</subfield>
      </datafield>
      <datafield tag="630" ind1="0" ind2="0">
         <subfield code="a">Lamellae aureae Orphicae.</subfield>
      </datafield>
      <datafield tag="650" ind1=" " ind2="0">
         <subfield code="a">Tablets (Paleography)</subfield>
      </datafield>
      <datafield tag="650" ind1=" " ind2="0">
         <subfield code="a">Tombs</subfield>
         <subfield code="z">Greece.</subfield>
      </datafield>
      <datafield tag="651" ind1=" " ind2="0">
         <subfield code="a">Greece</subfield>
         <subfield code="x">Religion.</subfield>
      </datafield>
      <datafield tag="651" ind1=" " ind2="0">
         <subfield code="a">Greece</subfield>
         <subfield code="x">Antiquities.</subfield>
      </datafield>
      <datafield tag="651" ind1=" " ind2="0">
         <subfield code="a">Funeral rites and ceremonies</subfield>
         <subfield code="z">Greece</subfield>
         <subfield code="x">History.</subfield>
      </datafield>
      <datafield tag="650" ind1=" " ind2="0">
         <subfield code="a">Dionysia.</subfield>
      </datafield>
      <datafield tag="650" ind1=" " ind2="7">
         <subfield code="a">Religion.</subfield>
         <subfield code="2">fast</subfield>
         <subfield code="0">(OCoLC)fst01093763.</subfield>
      </datafield>
      <datafield tag="650" ind1=" " ind2="7">
         <subfield code="a">Tablets (Paleography)</subfield>
         <subfield code="2">fast</subfield>
         <subfield code="0">(OCoLC)fst01141782.</subfield>
      </datafield>
      <datafield tag="651" ind1=" " ind2="7">
         <subfield code="a">Greece.</subfield>
         <subfield code="2">fast</subfield>
         <subfield code="0">(OCoLC)fst01208380.</subfield>
      </datafield>
      <datafield tag="650" ind1=" " ind2="7">
         <subfield code="a">Religion.</subfield>
         <subfield code="2">gnd.</subfield>
      </datafield>
      <datafield tag="651" ind1=" " ind2="7">
         <subfield code="a">Griechenland.</subfield>
         <subfield code="2">gnd.</subfield>
      </datafield>
      <datafield tag="630" ind1="0" ind2="7">
         <subfield code="a">Orphicae Lamellae.</subfield>
         <subfield code="2">idszbz.</subfield>
      </datafield>
      <datafield tag="650" ind1=" " ind2="7">
         <subfield code="a">Religion.</subfield>
         <subfield code="2">idszbz.</subfield>
      </datafield>
      <datafield tag="650" ind1=" " ind2="7">
         <subfield code="a">Inschrift.</subfield>
         <subfield code="2">idszbz.</subfield>
      </datafield>
      <datafield tag="650" ind1=" " ind2="7">
         <subfield code="a">Grabbeigabe.</subfield>
         <subfield code="2">idszbz.</subfield>
      </datafield>
      <datafield tag="650" ind1=" " ind2="7">
         <subfield code="a">Jenseits.</subfield>
         <subfield code="2">idszbz.</subfield>
      </datafield>
      <datafield tag="651" ind1=" " ind2="7">
         <subfield code="a">Griechenland (Altertum)</subfield>
         <subfield code="2">idszbz.</subfield>
      </datafield>
      <datafield tag="650" ind1="1" ind2="7">
         <subfield code="a">Orfisme (religie)</subfield>
         <subfield code="2">gtt</subfield>
         <subfield code="0">(NL-LeOCL)078616743.</subfield>
      </datafield>
      <datafield tag="650" ind1="1" ind2="7">
         <subfield code="a">Teksten.</subfield>
         <subfield code="2">gtt</subfield>
         <subfield code="0">(NL-LeOCL)078685966.</subfield>
      </datafield>
      <datafield tag="650" ind1="1" ind2="7">
         <subfield code="a">Graven (begraafplaats)</subfield>
         <subfield code="2">gtt</subfield>
         <subfield code="0">(NL-LeOCL)095973176.</subfield>
      </datafield>
      <datafield tag="650" ind1="1" ind2="7">
         <subfield code="a">Griekse oudheid.</subfield>
         <subfield code="2">gtt</subfield>
         <subfield code="0">(NL-LeOCL)124267939.</subfield>
      </datafield>
      <datafield tag="655" ind1=" " ind2="7">
         <subfield code="a">Bronnen (vorm)</subfield>
         <subfield code="2">gtt</subfield>
         <subfield code="0">(NL-LeOCL)088142175.</subfield>
      </datafield>
      <datafield tag="700" ind1="1" ind2=" ">
         <subfield code="a">Edmonds, Radcliffe G.,</subfield>
         <subfield code="c">III,</subfield>
         <subfield code="d">1970-</subfield>
      </datafield>
      <datafield tag="730" ind1="0" ind2="2">
         <subfield code="a">Lamellae aureae Orphicae.</subfield>
         <subfield code="l">English</subfield>
         <subfield code="s">(Edmonds)</subfield>
      </datafield>
      <datafield tag="730" ind1="0" ind2="2">
         <subfield code="a">Lamellae aureae Orphicae.</subfield>
         <subfield code="l">Greek</subfield>
         <subfield code="s">(Edmonds)</subfield>
      </datafield>
      <datafield tag="776" ind1="1" ind2=" ">
         <subfield code="i">Online version:</subfield>
         <subfield code="t">"Orphic" gold tablets and Greek religion</subfield>
         <subfield code="w">(BSN) 3901152</subfield>
         <subfield code="w">(CaPaEBR) ebr10436332</subfield>
      </datafield>
      <datafield tag="994" ind1=" " ind2=" ">
         <subfield code="a">Z0</subfield>
         <subfield code="b">ZYU</subfield>
      </datafield>
      <datafield tag="OWN" ind1=" " ind2=" ">
         <subfield code="a">GENERAL</subfield>
      </datafield>
      <datafield tag="AVA" ind1=" " ind2=" ">
         <subfield code="a">NYU50</subfield>
         <subfield code="b">NISAW</subfield>
         <subfield code="c">Small Collection</subfield>
         <subfield code="d">DF129 .O77 2011</subfield>
         <subfield code="e">available</subfield>
         <subfield code="t">Available</subfield>
         <subfield code="f">1</subfield>
         <subfield code="g">0</subfield>
         <subfield code="h">N</subfield>
         <subfield code="i">0</subfield>
         <subfield code="j">SMALL</subfield>
         <subfield code="k">0</subfield>
      </datafield>
      <marc:datafield tag="852" ind1=" " ind2=" ">
         <marc:subfield code="b">Institute for the Study of the Ancient World, </marc:subfield>
         <marc:subfield code="c">Small Collection</marc:subfield>
         <marc:subfield code="e">15 East 84th St., </marc:subfield>
         <marc:subfield code="e">New York, NY  10028</marc:subfield>
      </marc:datafield>
   </record>