
  
  
  
  
  
 
  
  <record xsi:schemaLocation="http://www.loc.gov/MARC21/slim http://www.loc.gov/standards/marcxml/schema/MARC21slim.xsd">
      <leader>00000cam a22      a 4500</leader>
      <controlfield tag="FMT">BK</controlfield>
      <controlfield tag="LDR">00000cam a22      a 4500</controlfield>
      <controlfield tag="001">004200031</controlfield>
      <controlfield tag="005">20151027160517.0</controlfield>
      <controlfield tag="008">151027s2006    fr abe   b    000 0 fre c</controlfield>
      <datafield tag="020" ind1=" " ind2=" ">
         <subfield code="a">2907303961</subfield>
      </datafield>
      <datafield tag="020" ind1=" " ind2=" ">
         <subfield code="a">9782907303965</subfield>
      </datafield>
      <datafield tag="020" ind1=" " ind2=" ">
         <subfield code="a">9782355180361</subfield>
         <subfield code="q">(volume 2)</subfield>
      </datafield>
      <datafield tag="020" ind1=" " ind2=" ">
         <subfield code="a">2355180369</subfield>
         <subfield code="q">(volume 2)</subfield>
      </datafield>
      <datafield tag="035" ind1=" " ind2=" ">
         <subfield code="a">(OCoLC)70120440</subfield>
         <subfield code="z">(OCoLC)872401391</subfield>
      </datafield>
      <datafield tag="040" ind1=" " ind2=" ">
         <subfield code="a">TZT</subfield>
         <subfield code="b">eng</subfield>
         <subfield code="c">TZT</subfield>
         <subfield code="d">CGU</subfield>
         <subfield code="d">GEBAY</subfield>
         <subfield code="d">PUL</subfield>
         <subfield code="d">OCLCO</subfield>
         <subfield code="d">OCLCQ</subfield>
         <subfield code="d">MUU</subfield>
         <subfield code="d">OCLCQ</subfield>
         <subfield code="d">NNU</subfield>
      </datafield>
      <datafield tag="042" ind1=" " ind2=" ">
         <subfield code="a">pcc</subfield>
      </datafield>
      <datafield tag="043" ind1=" " ind2=" ">
         <subfield code="a">e-fr---</subfield>
      </datafield>
      <datafield tag="050" ind1=" " ind2="4">
         <subfield code="a">DC611.N218</subfield>
         <subfield code="b">D87 2006</subfield>
      </datafield>
      <datafield tag="072" ind1=" " ind2="7">
         <subfield code="a">DC</subfield>
         <subfield code="2">lcco</subfield>
      </datafield>
      <datafield tag="082" ind1="1" ind2="4">
         <subfield code="a">944</subfield>
         <subfield code="2">1</subfield>
      </datafield>
      <datafield tag="245" ind1="0" ind2="0">
         <subfield code="a">Du Rhône aux Pyrénées :</subfield>
         <subfield code="b">aspects de la vie matérielle en Gaule narbonnaise : fin du Ier s. av. J.-C.-VIe s. ap. J.-C. /</subfield>
         <subfield code="c">sous la direction de Stéphane Mauné et Martine Genin ; contributions de S. Barberan [and others].</subfield>
      </datafield>
      <datafield tag="260" ind1=" " ind2=" ">
         <subfield code="a">Montagnac :</subfield>
         <subfield code="b">M. Mergoil,</subfield>
         <subfield code="c">2006.</subfield>
      </datafield>
      <datafield tag="300" ind1=" " ind2=" ">
         <subfield code="a">372 pages :</subfield>
         <subfield code="b">illustrations, maps, plans ;</subfield>
         <subfield code="c">30 cm.</subfield>
      </datafield>
      <datafield tag="336" ind1=" " ind2=" ">
         <subfield code="a">text</subfield>
         <subfield code="b">txt</subfield>
         <subfield code="2">rdacontent</subfield>
      </datafield>
      <datafield tag="337" ind1=" " ind2=" ">
         <subfield code="a">unmediated</subfield>
         <subfield code="b">n</subfield>
         <subfield code="2">rdamedia</subfield>
      </datafield>
      <datafield tag="338" ind1=" " ind2=" ">
         <subfield code="a">volume</subfield>
         <subfield code="b">nc</subfield>
         <subfield code="2">rdacarrier</subfield>
      </datafield>
      <datafield tag="490" ind1="1" ind2=" ">
         <subfield code="a">Archéologie et histoire romaine,</subfield>
         <subfield code="x">1285-6371 ;</subfield>
         <subfield code="v">15</subfield>
      </datafield>
      <datafield tag="504" ind1=" " ind2=" ">
         <subfield code="a">Includes bibliographical references.</subfield>
      </datafield>
      <datafield tag="505" ind1="0" ind2="0">
         <subfield code="t">Les niveaux augustéens d'un quarier résidentiel de Narbonne antique. Etude du mobilier céramique du Clos de la Lombarde /</subfield>
         <subfield code="r">C, Sanchez --</subfield>
         <subfield code="t">Ensembles céramiques augustéens de l'agglomération secondaire de Peyre-Plantade (Clermont-l'Hérault) /</subfield>
         <subfield code="r">P. Rascalou --</subfield>
         <subfield code="t">Un magasin de céramiques sigillées à Narbonne ? /</subfield>
         <subfield code="r">M. Sabrié et R. Sabrié --</subfield>
         <subfield code="t">Un lot de céramiques daté des années 90/110 ap.J.-C. L'ensemble 9058 de la villa de Vareilles (Paulhan, Hérault) /</subfield>
         <subfield code="r">M. Genin, S. Mauné --</subfield>
         <subfield code="t">Un ensemble céramique du premier tiers du IIe s. ap. J.-C. dans un puits de l'établissement rural de Soumaltre (Aspiran, Hérault) /</subfield>
         <subfield code="r">S. Mauné, M. Genin, coll. P. Rascalou --</subfield>
         <subfield code="t">Deux lots de céramiques de la première moitié du IIe s. ap. J.-C. provenant de l'agglomeration secondaire de Peyre-Plantade (Clermont-l'Hérault) /</subfield>
         <subfield code="r">P. Rascalou --</subfield>
      </datafield>
      <datafield tag="505" ind1="0" ind2="0">
         <subfield code="t">Un dépotoir de la première moitié du IIe s. dans la villa de St-Bézard (Aspiran, Hérault) /</subfield>
         <subfield code="r">P.-Y. Genty, S. Maune --</subfield>
         <subfield code="t">Un lot de sigillées du IIe s. provenant des fouilles du centre monumental de l'agglomération antique du Castellas (Murviel-lès-Montpellier, Hérault) /</subfield>
         <subfield code="r">S. Silvéréano --</subfield>
         <subfield code="t">Un dépotoir du debut du IIIe s. sur l'etablissement rural des Combes-Nord à Nézignan-L'Evêque (Hérault) /</subfield>
         <subfield code="r">S. Mauné --</subfield>
         <subfield code="t">Consommation et approvisionnement culinaires dans la région de Béziers au IIIe s. : l'exemple de la ville de Lieussac (Montagnac, Hérault) /</subfield>
         <subfield code="r">S. Mauné, M. Feugère, V. Forest, F. Brien-Poitevin (coll.) --</subfield>
         <subfield code="t">Étude de deux ensembles stratifiés datés du Bas-Empire découverts á Ambrussum (Villetelle, Hérault) /</subfield>
         <subfield code="r">S. Barberan, V. Mathieu (coll. J. Chevalier) --</subfield>
         <subfield code="t">Étude de lots de DSP de la moyenne vallée de l'Hérault (fin IVe - VIe s. ap. J.-C.) /</subfield>
         <subfield code="r">Y. Rigoir --</subfield>
         <subfield code="t">La céramique commune à pisolithes. Typologie, chronologie et diffusion (IVe -VIe s. ap. J.-C.) /</subfield>
         <subfield code="r">Cl. Raynaud, M. Elie.</subfield>
      </datafield>
      <datafield tag="650" ind1=" " ind2="0">
         <subfield code="a">Excavations (Archaeology)</subfield>
         <subfield code="z">France</subfield>
         <subfield code="z">Narbonne.</subfield>
      </datafield>
      <datafield tag="651" ind1=" " ind2="0">
         <subfield code="a">Narbonne (France)</subfield>
         <subfield code="x">Antiquities, Roman.</subfield>
      </datafield>
      <datafield tag="650" ind1=" " ind2="0">
         <subfield code="a">Pottery,Roman</subfield>
         <subfield code="z">France</subfield>
         <subfield code="z">Narbonne.</subfield>
      </datafield>
      <datafield tag="650" ind1=" " ind2="0">
         <subfield code="a">Romans</subfield>
         <subfield code="z">France</subfield>
         <subfield code="z">Narbonne.</subfield>
      </datafield>
      <datafield tag="700" ind1="1" ind2=" ">
         <subfield code="a">Mauné, Stéphane.</subfield>
      </datafield>
      <datafield tag="700" ind1="1" ind2=" ">
         <subfield code="a">Genin, Martine.</subfield>
      </datafield>
      <datafield tag="700" ind1="1" ind2=" ">
         <subfield code="a">Barberan, S.</subfield>
      </datafield>
      <datafield tag="830" ind1=" " ind2="0">
         <subfield code="a">Archéologie et histoire romaine ;</subfield>
         <subfield code="v">15.</subfield>
         <subfield code="x">1285-6371</subfield>
      </datafield>
      <datafield tag="OWN" ind1=" " ind2=" ">
         <subfield code="a">GENERAL</subfield>
      </datafield>
      <datafield tag="AVA" ind1=" " ind2=" ">
         <subfield code="a">NYU50</subfield>
         <subfield code="b">NISAW</subfield>
         <subfield code="c">Large Collection</subfield>
         <subfield code="d">DC611.N218 D87 2006</subfield>
         <subfield code="e">unavailable</subfield>
         <subfield code="t">Unavailable</subfield>
         <subfield code="f">1</subfield>
         <subfield code="g">1</subfield>
         <subfield code="h">N</subfield>
         <subfield code="i">0</subfield>
         <subfield code="j">LARGE</subfield>
         <subfield code="k">0</subfield>
      </datafield>
      <marc:datafield tag="852" ind1=" " ind2=" ">
         <marc:subfield code="b">Institute for the Study of the Ancient World, </marc:subfield>
         <marc:subfield code="c">Large Collection</marc:subfield>
         <marc:subfield code="e">15 East 84th St., </marc:subfield>
         <marc:subfield code="e">New York, NY  10028</marc:subfield>
      </marc:datafield>
   </record>